
@book{abolafia2020,
  title = {Stewards of the Market: How the Federal Reserve Made Sense of the Financial Crisis},
  shorttitle = {Stewards of the Market},
  author = {Abolafia, Mitchel},
  year = {2020},
  edition = {First},
  publisher = {Harvard University Press},
  address = {Cambridge, MA},
  isbn = {978-0-674-98078-5},
  lccn = {HC106.83 .A26 2020},
  file = {/Users/zachmcdowell/My Drive/Misc PDFs + eBooks/3 - Misc. Scholarly Research/Harvard University Press/Abolafia-2020-Stewards of the market.pdf}
}

@book{adolph2016,
  title = {Bankers, Bureaucrats, and Central Bank Politics},
  author = {Adolph, Christopher},
  year = {2016},
  publisher = {Cambridge University Press},
  address = {Cambridge},
  isbn = {978-1-107-56709-2},
  langid = {english},
  annotation = {OCLC: 928777878},
  file = {/Users/zachmcdowell/My Drive/Misc PDFs + eBooks/3 - Misc. Scholarly Research/Cambridge University Press/Adolph-2016-Bankers, bureaucrats, and central bank politics.pdf}
}

@article{adolph2018,
  title = {The Missing Politics of Central Banks},
  author = {Adolph, Christopher},
  year = {2018},
  journal = {PS: Political Science \& Politics},
  volume = {51},
  number = {4},
  pages = {737--742},
  publisher = {Cambridge University Press},
  issn = {1049-0965, 1537-5935},
  langid = {english},
  annotation = {5 citations (Crossref) [2022-07-06]},
  file = {/Users/zachmcdowell/My Drive/Misc PDFs + eBooks/3 - Misc. Scholarly Research/PS Political Science & Politics/Adolph-2018-The Missing Politics of Central Banks.pdf}
}

@article{ahlquist2010,
  title = {Policy by Contract: Electoral Cycles, Parties and Social Pacts, 1974\textendash 2000},
  shorttitle = {Policy by Contract},
  author = {Ahlquist, John S.},
  year = {2010},
  month = apr,
  journal = {The Journal of Politics},
  volume = {72},
  number = {2},
  pages = {572--587},
  publisher = {The University of Chicago Press},
  issn = {0022-3816},
  annotation = {16 citations (Crossref) [2022-07-13]},
  file = {/Users/zachmcdowell/My Drive/Misc PDFs + eBooks/3 - Misc. Scholarly Research/The Journal of Politics/Ahlquist-2010-Policy by Contract.pdf}
}

@article{ainsley2017,
  title = {The Politics of Central Bank Appointments},
  author = {Ainsley, Caitlin},
  year = {2017},
  month = oct,
  journal = {The Journal of Politics},
  volume = {79},
  number = {4},
  pages = {1205--1219},
  publisher = {The University of Chicago Press},
  issn = {0022-3816},
  annotation = {16 citations (Crossref) [2022-07-07]},
  file = {/Users/zachmcdowell/My Drive/Misc PDFs + eBooks/3 - Misc. Scholarly Research/The Journal of Politics/Ainsley-2017-The Politics of Central Bank Appointments.pdf}
}

@article{ainsley2017a,
  title = {The Politics of Central Bank Appointments},
  author = {Ainsley, Caitlin},
  year = {2017},
  month = oct,
  journal = {The Journal of Politics},
  volume = {79},
  number = {4},
  pages = {1205--1219},
  publisher = {The University of Chicago Press},
  issn = {0022-3816},
  annotation = {16 citations (Crossref) [2022-07-13]},
  file = {/Users/zachmcdowell/My Drive/Misc PDFs + eBooks/3 - Misc. Scholarly Research/The Journal of Politics/Ainsley-2017-The Politics of Central Bank Appointments2.pdf}
}

@article{aklin2019,
  title = {Moral Hazard and Financial Crises: Evidence from American Troop Deployments},
  shorttitle = {Moral Hazard and Financial Crises},
  author = {Aklin, Micha{\"e}l and Kern, Andreas},
  year = {2019},
  month = mar,
  journal = {International Studies Quarterly},
  volume = {63},
  number = {1},
  pages = {15--29},
  issn = {0020-8833},
  annotation = {5 citations (Crossref) [2022-07-13]},
  file = {/Users/zachmcdowell/My Drive/Misc PDFs + eBooks/3 - Misc. Scholarly Research/International Studies Quarterly/Aklin & Kern-2019-Moral Hazard and Financial Crises.pdf}
}

@article{aklin2021,
  title = {The Side Effects of Central Bank Independence},
  author = {Aklin, Micha{\"e}l and Kern, Andreas},
  year = {2021},
  journal = {American Journal of Political Science},
  volume = {65},
  number = {4},
  pages = {971--987},
  issn = {1540-5907},
  langid = {english},
  annotation = {5 citations (Crossref) [2022-07-07] \_eprint: https://onlinelibrary.wiley.com/doi/pdf/10.1111/ajps.12580},
  file = {/Users/zachmcdowell/My Drive/Misc PDFs + eBooks/3 - Misc. Scholarly Research/American Journal of Political Science/Aklin & Kern-2021-The Side Effects of Central Bank Independence.pdf}
}

@article{amable2019a,
  title = {New Approaches to Political Economy},
  author = {Amable, Bruno and Regan, Aidan and Avdagic, Sabina and Baccaro, Lucio and Pontusson, Jonas and {Van der Zwan}, Natascha},
  year = {2019},
  month = apr,
  journal = {Socio-Economic Review},
  volume = {17},
  number = {2},
  pages = {433--459},
  issn = {1475-1461},
  annotation = {18 citations (Crossref) [2022-07-13]},
  file = {/Users/zachmcdowell/My Drive/Misc PDFs + eBooks/3 - Misc. Scholarly Research/Socio-Economic Review/Amable et al-2019-New approaches to political economy2.pdf}
}

@article{angrick2018a,
  title = {Global Liquidity and Monetary Policy Autonomy: An Examination of Open-Economy Policy Constraints},
  shorttitle = {Global Liquidity and Monetary Policy Autonomy},
  author = {Angrick, Stefan},
  year = {2018},
  month = jan,
  journal = {Cambridge Journal of Economics},
  volume = {42},
  number = {1},
  pages = {117--135},
  issn = {0309-166X},
  annotation = {9 citations (Crossref) [2022-07-13]},
  file = {/Users/zachmcdowell/My Drive/Misc PDFs + eBooks/3 - Misc. Scholarly Research/Cambridge Journal of Economics/Angrick-2018-Global liquidity and monetary policy autonomy2.pdf}
}

@article{anzuini2022,
  title = {The Non-Linear Effects of the Fed Asset Purchases},
  author = {Anzuini, Alessio},
  year = {2022},
  month = apr,
  journal = {Studies in Nonlinear Dynamics \& Econometrics},
  volume = {26},
  number = {2},
  pages = {205--218},
  publisher = {De Gruyter},
  issn = {1558-3708},
  langid = {english},
  annotation = {1 citations (Crossref) [2022-07-06]},
  file = {/Users/zachmcdowell/My Drive/Misc PDFs + eBooks/3 - Misc. Scholarly Research/Studies in Nonlinear Dynamics & Econometrics/Anzuini-2022-The non-linear effects of the Fed asset purchases.pdf}
}

@article{armingeon2016a,
  title = {How the Euro Divides the Union: The Effect of Economic Adjustment on Support for Democracy in Europe},
  shorttitle = {How the Euro Divides the Union},
  author = {Armingeon, Klaus and Guthmann, Kai and Weisstanner, David},
  year = {2016},
  month = jan,
  journal = {Socio-Economic Review},
  volume = {14},
  number = {1},
  pages = {1--26},
  issn = {1475-1461},
  annotation = {43 citations (Crossref) [2022-07-13]},
  file = {/Users/zachmcdowell/My Drive/Misc PDFs + eBooks/3 - Misc. Scholarly Research/Socio-Economic Review/Armingeon et al-2016-How the Euro divides the union.pdf}
}

@book{arnon2022a,
  title = {Debates in Macroeconomics from the Great Depression to the Long Recession: Cycles, Crises and Policy Responses},
  shorttitle = {Debates in Macroeconomics from the Great Depression to the Long Recession},
  author = {Arnon, Arie},
  year = {2022},
  series = {Springer Studies in the History of Economic Thought},
  publisher = {Springer International Publishing},
  address = {Cham},
  isbn = {978-3-030-97702-3 978-3-030-97703-0},
  langid = {english},
  file = {/Users/zachmcdowell/My Drive/Misc PDFs + eBooks/3 - Misc. Scholarly Research/Springer International Publishing/Arnon-2022-Debates in Macroeconomics from the Great Depression to the Long Recession.pdf}
}

@book{axilrod2011,
  title = {Inside the Fed: Monetary Policy and Its Management, Martin through Greenspan to Bernanke},
  shorttitle = {Inside the Fed},
  author = {Axilrod, Stephen H.},
  year = {2011},
  month = feb,
  edition = {Revised Edition},
  publisher = {MIT Press},
  address = {Cambridge, MA},
  isbn = {978-0-262-01562-2},
  langid = {english},
  file = {/Users/zachmcdowell/My Drive/Misc PDFs + eBooks/3 - Misc. Scholarly Research/MIT Press/Axilrod-2011-Inside the Fed.pdf}
}

@book{axilrod2013,
  title = {The Federal Reserve: What Everyone Needs to Know},
  shorttitle = {The Federal Reserve},
  author = {Axilrod, Stephen H.},
  year = {2013},
  series = {What Everyone Needs To Know},
  publisher = {Oxford University Press},
  address = {New York},
  isbn = {978-0-19-993448-5},
  langid = {english},
  file = {/Users/zachmcdowell/My Drive/Misc PDFs + eBooks/3 - Misc. Scholarly Research/Oxford University Press/Axilrod-2013-The Federal Reserve.pdf}
}

@article{bachas,
  title = {Globalization and Factor Income Taxation},
  author = {Bachas, Pierre and {Fisher-Post}, Matthew and Jensen, Anders and Zucman, Gabriel},
  pages = {55},
  langid = {english},
  file = {/Users/zachmcdowell/My Drive/Misc PDFs + eBooks/3 - Misc. Scholarly Research/undefined/Bachas et al-Globalization and Factor Income Taxation.pdf}
}

@article{baerg2021,
  title = {Opportunistic, Not Optimal Delegation: The Political Origins of Central Bank Independence},
  shorttitle = {Opportunistic, Not Optimal Delegation},
  author = {Baerg, Nicole Rae and Gray, Julia and Willisch, Jakob},
  year = {2021},
  month = may,
  journal = {Comparative Political Studies},
  volume = {54},
  number = {6},
  pages = {956--988},
  publisher = {SAGE Publications Inc},
  issn = {0010-4140},
  annotation = {4 citations (Crossref) [2022-07-07]},
  file = {/Users/zachmcdowell/My Drive/Misc PDFs + eBooks/3 - Misc. Scholarly Research/Comparative Political Studies/Baerg et al-2021-Opportunistic, not Optimal Delegation.pdf}
}

@article{baghestani2010,
  title = {Factors Influencing Federal Reserve Forecasts of Inflation},
  author = {Baghestani, Hamid and {AbuAl-Foul}, Bassam},
  year = {2010},
  journal = {Journal of Economic Studies},
  volume = {37},
  number = {2},
  pages = {196--207},
  publisher = {Emerald Group Publishing Limited},
  address = {Glasgow, United Kingdom},
  issn = {01443585},
  copyright = {Copyright Emerald Group Publishing Limited 2010},
  langid = {english},
  annotation = {1 citations (Crossref) [2022-07-11]},
  file = {/Users/zachmcdowell/My Drive/Misc PDFs + eBooks/3 - Misc. Scholarly Research/Journal of Economic Studies/Baghestani & AbuAl-Foul-2010-Factors influencing Federal Reserve forecasts of inflation.pdf}
}

@article{baker2010,
  title = {Restraining Regulatory Capture? Anglo-America, Crisis Politics and Trajectories of Change in Global Financial Governance},
  shorttitle = {Restraining Regulatory Capture?},
  author = {Baker, Andrew},
  year = {2010},
  month = may,
  journal = {International Affairs},
  volume = {86},
  number = {3},
  pages = {647--663},
  issn = {0020-5850},
  annotation = {174 citations (Crossref) [2022-07-13]},
  file = {/Users/zachmcdowell/My Drive/Misc PDFs + eBooks/3 - Misc. Scholarly Research/International Affairs/Baker-2010-Restraining regulatory capture.pdf}
}

@article{bakir2017,
  title = {When, Why and How Institutional Change Takes Place: A Systematic Review and a Future Research Agenda on the Importance of Policy Entrepreneurship in Macroeconomic Bureaucracies},
  shorttitle = {When, Why and How Institutional Change Takes Place},
  author = {Bakir, Caner and Gunduz, K Aydin},
  year = {2017},
  month = dec,
  journal = {Policy and Society},
  volume = {36},
  number = {4},
  pages = {479--503},
  issn = {1449-4035},
  annotation = {10 citations (Crossref) [2022-07-13]},
  file = {/Users/zachmcdowell/My Drive/Misc PDFs + eBooks/3 - Misc. Scholarly Research/Policy and Society/Bakir & Gunduz-2017-When, why and how institutional change takes place.pdf}
}

@article{barth2010,
  title = {Bank Regulation in the United States1},
  author = {Barth, James R. and Li, Tong and Lu, Wenling},
  year = {2010},
  month = mar,
  journal = {CESifo Economic Studies},
  volume = {56},
  number = {1},
  pages = {112--140},
  issn = {1610-241X},
  annotation = {13 citations (Crossref) [2022-07-13]},
  file = {/Users/zachmcdowell/My Drive/Misc PDFs + eBooks/3 - Misc. Scholarly Research/CESifo Economic Studies/Barth et al-2010-Bank Regulation in the United States1.pdf}
}

@article{bauluz,
  title = {The Anatomy of the Global Saving Glut},
  author = {Bauluz, Luis and Novokmet, Filip and Schularick, Moritz},
  pages = {75},
  langid = {english},
  file = {/Users/zachmcdowell/My Drive/Misc PDFs + eBooks/3 - Misc. Scholarly Research/undefined/Bauluz et al-The Anatomy of the Global Saving Glut.pdf}
}

@article{bearce2008,
  title = {Not Complements, But Substitutes: Fixed Exchange Rate Commitments, Central Bank Independence, and External Currency Stability},
  shorttitle = {Not Complements, But Substitutes},
  author = {Bearce, David H.},
  year = {2008},
  month = dec,
  journal = {International Studies Quarterly},
  volume = {52},
  number = {4},
  pages = {807--824},
  issn = {0020-8833},
  annotation = {11 citations (Crossref) [2022-07-13]},
  file = {/Users/zachmcdowell/My Drive/Misc PDFs + eBooks/3 - Misc. Scholarly Research/International Studies Quarterly/Bearce-2008-Not Complements, But Substitutes.pdf}
}

@article{berg2014,
  title = {The Federal Reserve: What Everyone Needs to Know},
  shorttitle = {The Federal Reserve},
  author = {Berg, Matthew G.},
  year = {2014},
  month = dec,
  journal = {Journal of Economic Issues},
  volume = {48},
  number = {4},
  pages = {1162--1163},
  publisher = {Taylor \& Francis Ltd.},
  address = {Abingdon, United Kingdom},
  issn = {00213624},
  chapter = {Book Reviews},
  copyright = {Copyright M. E. Sharpe Inc. Dec 2014},
  langid = {english},
  file = {/Users/zachmcdowell/My Drive/Misc PDFs + eBooks/3 - Misc. Scholarly Research/Journal of Economic Issues/Berg-2014-The Federal Reserve.pdf}
}

@article{bernanke2013,
  title = {A Century of US Central Banking: Goals, Frameworks, Accountability},
  shorttitle = {A Century of US Central Banking},
  author = {Bernanke, Ben S.},
  year = 2013,
  journal = {The Journal of Economic Perspectives},
  volume = {27},
  number = {4},
  pages = {3--16},
  publisher = {American Economic Association},
  address = {Nashville, United States},
  issn = {08953309},
  chapter = {Symposia},
  copyright = {Copyright American Economic Association Fall 2013},
  langid = {english},
  annotation = {36 citations (Crossref) [2022-07-11]},
  file = {/Users/zachmcdowell/My Drive/Misc PDFs + eBooks/3 - Misc. Scholarly Research/The Journal of Economic Perspectives/Bernanke-2013-A Century of US Central Banking.pdf}
}

@book{bernhard2002a,
  title = {Banking on Reform: Political Parties and Central Bank Independence in the Industrial Democracies},
  shorttitle = {Banking on Reform},
  author = {Bernhard, William},
  year = {2002},
  series = {Michigan Studies in International Political Economy},
  publisher = {University of Michigan Press},
  address = {Ann Arbor},
  isbn = {978-0-472-11254-8},
  lccn = {HG1811 .B47 2002},
  file = {/Users/zachmcdowell/My Drive/Misc PDFs + eBooks/3 - Misc. Scholarly Research/University of Michigan Press/Bernhard-2002-Banking on reform.pdf}
}

@book{bernstein2008,
  title = {A Primer on Money, Banking, and Gold},
  author = {Bernstein, Peter L.},
  year = {2008},
  month = aug,
  edition = {First},
  publisher = {Wiley},
  address = {Hoboken},
  isbn = {978-0-470-28758-3},
  langid = {english},
  file = {/Users/zachmcdowell/My Drive/Misc PDFs + eBooks/3 - Misc. Scholarly Research/Wiley/Bernstein-2008-A Primer on Money, Banking, and Gold.pdf}
}

@article{best2016a,
  title = {When Crises Are Failures: Contested Metrics in International Finance and Development},
  shorttitle = {When Crises Are Failures},
  author = {Best, Jacqueline},
  year = {2016},
  month = mar,
  journal = {International Political Sociology},
  volume = {10},
  number = {1},
  pages = {39--55},
  issn = {1749-5679},
  annotation = {17 citations (Crossref) [2022-07-13]},
  file = {/Users/zachmcdowell/My Drive/Misc PDFs + eBooks/3 - Misc. Scholarly Research/International Political Sociology/Best-2016-When Crises Are Failures2.pdf}
}

@article{best2018b,
  title = {Technocratic Exceptionalism: Monetary Policy and the Fear of Democracy},
  shorttitle = {Technocratic Exceptionalism},
  author = {Best, Jacqueline},
  year = {2018},
  month = dec,
  journal = {International Political Sociology},
  volume = {12},
  number = {4},
  pages = {328--345},
  publisher = {Oxford University Press},
  address = {Oxford, United Kingdom},
  issn = {1749-5679},
  copyright = {\textcopyright{} The Author(s) (2018). Published by Oxford University Press on behalf of the International Studies Association.},
  langid = {english},
  file = {/Users/zachmcdowell/My Drive/Misc PDFs + eBooks/3 - Misc. Scholarly Research/International Political Sociology/Best-2018-Technocratic Exceptionalism2.pdf}
}

@article{best2018c,
  title = {Technocratic Exceptionalism: Monetary Policy and the Fear of Democracy},
  shorttitle = {Technocratic Exceptionalism},
  author = {Best, Jacqueline},
  year = {2018},
  month = dec,
  journal = {International Political Sociology},
  volume = {12},
  number = {4},
  pages = {328--345},
  issn = {1749-5679},
  annotation = {11 citations (Crossref) [2022-07-13]},
  file = {/Users/zachmcdowell/My Drive/Misc PDFs + eBooks/3 - Misc. Scholarly Research/International Political Sociology/Best-2018-Technocratic Exceptionalism3.pdf}
}

@article{bezemer2021,
  title = {Credit Policy and the `Debt Shift' in Advanced Economies},
  author = {Bezemer, Dirk and {Ryan-Collins}, Josh and {van Lerven}, Frank and Zhang, Lu},
  year = {2021},
  month = oct,
  journal = {Socio-Economic Review},
  pages = {mwab041},
  issn = {1475-1461},
  annotation = {0 citations (Crossref) [2022-07-13]},
  file = {/Users/zachmcdowell/My Drive/Misc PDFs + eBooks/3 - Misc. Scholarly Research/Socio-Economic Review/Bezemer et al-2021-Credit policy and the ‘debt shift’ in advanced economies.pdf}
}

@article{bhalla2004,
  title = {Poor Results and Poorer Policy: A Comparative Analysis of Estimates of Global Inequality and Poverty},
  shorttitle = {Poor Results and Poorer Policy},
  author = {Bhalla, Surjit S.},
  year = {2004},
  month = jan,
  journal = {CESifo Economic Studies},
  volume = {50},
  number = {1},
  pages = {85--132},
  issn = {1610-241X},
  annotation = {9 citations (Crossref) [2022-07-13]},
  file = {/Users/zachmcdowell/My Drive/Misc PDFs + eBooks/3 - Misc. Scholarly Research/CESifo Economic Studies/Bhalla-2004-Poor Results and Poorer Policy.pdf}
}

@article{biersteker1990,
  title = {Reducing the Role of the State in the Economy: A Conceptual Exploration of IMF and World Bank Prescriptions},
  shorttitle = {Reducing the Role of the State in the Economy},
  author = {Biersteker, Thomas J.},
  year = {1990},
  month = dec,
  journal = {International Studies Quarterly},
  volume = {34},
  number = {4},
  pages = {477--492},
  issn = {0020-8833},
  annotation = {55 citations (Crossref) [2022-07-13]},
  file = {/Users/zachmcdowell/My Drive/Misc PDFs + eBooks/3 - Misc. Scholarly Research/International Studies Quarterly/Biersteker-1990-Reducing the Role of the State in the Economy.pdf}
}

@article{binder1999,
  title = {Uncovering the Hidden Effect of Party},
  author = {Binder, Sarah A. and Lawrence, Eric D. and Maltzman, Forrest},
  year = {1999},
  journal = {The Journal of Politics},
  volume = {61},
  number = {3},
  pages = {815--831},
  publisher = {[University of Chicago Press, Southern Political Science Association]},
  issn = {0022-3816},
  annotation = {51 citations (Crossref) [2022-05-18]},
  file = {/Users/zachmcdowell/My Drive/Misc PDFs + eBooks/3 - Misc. Scholarly Research/The Journal of Politics/Binder et al-1999-Uncovering the Hidden Effect of Party.pdf}
}

@article{binder2013,
  title = {Monetary Politics: Origins of the Federal Reserve},
  shorttitle = {Monetary Politics},
  author = {Binder, Sarah and Spindel, Mark},
  year = {2013},
  month = apr,
  journal = {Studies in American Political Development},
  volume = {27},
  number = {1},
  pages = {1--13},
  issn = {0898-588X, 1469-8692},
  langid = {english},
  annotation = {10 citations (Crossref) [2022-05-18]},
  file = {/Users/zachmcdowell/My Drive/Misc PDFs + eBooks/3 - Misc. Scholarly Research/Studies in American Political Development/Binder & Spindel-2013-Monetary Politics.pdf}
}

@article{binder2013a,
  title = {The Fed and the Credit Crisis},
  author = {Binder, Sarah A.},
  year = {2013},
  month = mar,
  journal = {Perspectives on Politics},
  volume = {11},
  number = {1},
  pages = {238--239},
  publisher = {Cambridge University Press},
  address = {Cambridge, United Kingdom},
  issn = {15375927},
  copyright = {Copyright \textcopyright{} American Political Science Association 2013},
  langid = {english},
  annotation = {0 citations (Crossref) [2022-07-06]},
  file = {/Users/zachmcdowell/My Drive/Misc PDFs + eBooks/3 - Misc. Scholarly Research/Perspectives on Politics/Binder-2013-The Fed and the Credit Crisis.pdf}
}

@article{binder2017a,
  title = {A Discussion of Mark Blyth's Austerity: The History of a Dangerous Idea},
  shorttitle = {A Discussion of Mark Blyth's Austerity},
  author = {Binder, Sarah},
  year = {2017},
  month = jun,
  journal = {Perspectives on Politics},
  volume = {15},
  number = {2},
  pages = {555--556},
  publisher = {Cambridge University Press},
  address = {Cambridge, United Kingdom},
  issn = {15375927},
  copyright = {Copyright \textcopyright{} American Political Science Association 2017},
  langid = {english},
  file = {/Users/zachmcdowell/My Drive/Misc PDFs + eBooks/3 - Misc. Scholarly Research/Perspectives on Politics/Binder-2017-A Discussion of Mark Blyth's Austerity2.pdf}
}

@article{binder2018,
  title = {Why Study Monetary Politics?},
  author = {Binder, Sarah and Spindel, Mark},
  year = {2018},
  month = oct,
  journal = {PS: Political Science \& Politics},
  volume = {51},
  number = {4},
  pages = {732--736},
  publisher = {Cambridge University Press},
  address = {Washington, United Kingdom},
  issn = {10490965},
  chapter = {Symposium: American Oligarchy? The Concealed Politics of the Federal Reserve Bank},
  copyright = {Copyright \textcopyright{} American Political Science Association 2018},
  langid = {english},
  annotation = {1 citations (Crossref) [2022-05-18]},
  file = {/Users/zachmcdowell/My Drive/Misc PDFs + eBooks/3 - Misc. Scholarly Research/PS Political Science & Politics/Binder & Spindel-2018-Why Study Monetary Politics.pdf}
}

@article{binder2018a,
  title = {Dodging the Rules in Trump's Republican Congress},
  author = {Binder, Sarah},
  year = {2018},
  journal = {The Journal of Politics},
  volume = {80},
  number = {4},
  pages = {1454--1463},
  publisher = {The University of Chicago Press},
  issn = {0022-3816},
  annotation = {7 citations (Crossref) [2022-07-06]},
  file = {/Users/zachmcdowell/My Drive/Misc PDFs + eBooks/3 - Misc. Scholarly Research/The Journal of Politics/Binder-2018-Dodging the Rules in Trump’s Republican Congress.pdf}
}

@article{binder2018b,
  title = {Response to Desmond King's Review of The Myth of Independence: How Congress Governs the Federal Reserve},
  shorttitle = {Response to Desmond King's Review of The Myth of Independence},
  author = {Binder, Sarah and Spindel, Mark},
  year = {2018},
  month = sep,
  journal = {Perspectives on Politics},
  volume = {16},
  number = {3},
  pages = {781--781},
  publisher = {Cambridge University Press},
  address = {Cambridge, United Kingdom},
  issn = {15375927},
  chapter = {Critical Dialogue},
  copyright = {Copyright \textcopyright{} American Political Science Association 2018},
  langid = {english},
  file = {/Users/zachmcdowell/My Drive/Misc PDFs + eBooks/3 - Misc. Scholarly Research/Perspectives on Politics/Binder & Spindel-2018-Response to Desmond King’s review of The Myth of Independence.pdf}
}

@article{binder2018c,
  title = {Critical Dialogue},
  author = {Binder, Sarah and Spindel, Mark},
  year = {2018},
  month = sep,
  journal = {Perspectives on Politics},
  volume = {16},
  number = {3},
  pages = {781--783},
  publisher = {Cambridge University Press},
  address = {Cambridge, United Kingdom},
  issn = {15375927},
  chapter = {Critical Dialogue},
  copyright = {Copyright \textcopyright{} American Political Science Association 2018},
  langid = {english},
  file = {/Users/zachmcdowell/My Drive/Misc PDFs + eBooks/3 - Misc. Scholarly Research/Perspectives on Politics/Binder & Spindel-2018-Critical Dialogue.pdf}
}

@article{blau2017,
  title = {Lobbying, Political Connections and Emergency Lending by the Federal Reserve},
  author = {Blau, Benjamin M.},
  year = {2017},
  month = sep,
  journal = {Public Choice},
  volume = {172},
  number = {3},
  pages = {333--358},
  issn = {1573-7101},
  langid = {english},
  annotation = {16 citations (Crossref) [2022-05-18]},
  file = {/Users/zachmcdowell/My Drive/Misc PDFs + eBooks/3 - Misc. Scholarly Research/Public Choice/Blau-2017-Lobbying, political connections and emergency lending by the Federal Reserve.pdf}
}

@article{block2017,
  title = {A Discussion of Lawrence R. Jacobs and Desmond King's Fed Power: How Finance Wins},
  shorttitle = {A Discussion of Lawrence R. Jacobs and Desmond King's Fed Power},
  author = {Block, Fred},
  year = {2017},
  month = jun,
  journal = {Perspectives on Politics},
  volume = {15},
  number = {2},
  pages = {519--520},
  publisher = {Cambridge University Press},
  address = {Cambridge, United Kingdom},
  issn = {15375927},
  copyright = {Copyright \textcopyright{} American Political Science Association 2017},
  langid = {english},
  file = {/Users/zachmcdowell/My Drive/Misc PDFs + eBooks/3 - Misc. Scholarly Research/Perspectives on Politics/Block-2017-A Discussion of Lawrence R.pdf}
}

@article{blyth2016,
  title = {Capitalism in Crisis: What Went Wrong and What Comes Next},
  shorttitle = {Capitalism in Crisis},
  author = {Blyth, Mark},
  year = {Jul/Aug 2016},
  journal = {Foreign Affairs},
  volume = {95},
  number = {4},
  pages = {172--179},
  publisher = {Council on Foreign Relations NY},
  address = {New York, United Kingdom},
  issn = {00157120},
  copyright = {Copyright Council on Foreign Relations NY Jul/Aug 2016},
  langid = {english},
  file = {/Users/zachmcdowell/My Drive/Misc PDFs + eBooks/3 - Misc. Scholarly Research/Foreign Affairs/Blyth-2016-Capitalism in Crisis.pdf}
}

@article{bodea2014,
  title = {Bankers, Bureaucrats and Central Bank Politics. The Myth of Neutrality},
  author = {Bodea, Cristina},
  year = {2014},
  month = jul,
  journal = {The Journal of Politics},
  volume = {76},
  number = {3},
  pages = {E22},
  publisher = {The University of Chicago Press},
  issn = {0022-3816},
  annotation = {1 citations (Crossref) [2022-07-13]},
  file = {/Users/zachmcdowell/My Drive/Misc PDFs + eBooks/3 - Misc. Scholarly Research/The Journal of Politics/Bodea-2014-Bankers, Bureaucrats and Central Bank Politics.pdf}
}

@article{bodea2015,
  title = {International Finance and Central Bank Independence: Institutional Diffusion and the Flow and Cost of Capital},
  shorttitle = {International Finance and Central Bank Independence},
  author = {Bodea, Cristina and Hicks, Raymond},
  year = {2015},
  month = jan,
  journal = {The Journal of Politics},
  volume = {77},
  number = {1},
  pages = {268--284},
  publisher = {The University of Chicago Press},
  issn = {0022-3816},
  annotation = {58 citations (Crossref) [2022-07-07]},
  file = {/Users/zachmcdowell/My Drive/Misc PDFs + eBooks/3 - Misc. Scholarly Research/The Journal of Politics/Bodea & Hicks-2015-International Finance and Central Bank Independence.pdf}
}

@article{bordo2022,
  title = {How New Fed Corporate Bond Programs Cushioned the Covid-19 Recession},
  author = {Bordo, Michael D. and Duca, John V.},
  year = {2022},
  month = mar,
  journal = {Journal of Banking \& Finance},
  volume = {136},
  pages = {106413},
  issn = {0378-4266},
  langid = {english},
  annotation = {0 citations (Crossref) [2022-07-06]},
  file = {/Users/zachmcdowell/My Drive/Misc PDFs + eBooks/3 - Misc. Scholarly Research/Journal of Banking & Finance/Bordo & Duca-2022-How new Fed corporate bond programs cushioned the Covid-19 recession.pdf}
}

@article{borrelli2001,
  title = {Congress, the President, and the Federal Reserve: The Politics of American Monetary Policy-Making. Irwin L. Morris},
  shorttitle = {Congress, the President, and the Federal Reserve},
  author = {Borrelli, Mary Anne},
  year = {2001},
  month = aug,
  journal = {The Journal of Politics},
  volume = {63},
  number = {3},
  pages = {963--964},
  publisher = {The University of Chicago Press},
  issn = {0022-3816},
  annotation = {0 citations (Crossref) [2022-07-07]},
  file = {/Users/zachmcdowell/My Drive/Misc PDFs + eBooks/3 - Misc. Scholarly Research/The Journal of Politics/Borrelli-2001-Congress, the President, and the Federal Reserve.pdf}
}

@book{boushey2018,
  title = {After Piketty: The Agenda for Economics and Inequality},
  shorttitle = {After Piketty},
  editor = {Boushey, Heather and DeLong, J. Bradford and Steinbaum, Marshall},
  year = {2018},
  publisher = {Harvard University Press},
  address = {Cambridge, MA},
  isbn = {978-0-674-97819-5},
  langid = {In English.},
  annotation = {OCLC: 1054870454},
  file = {/Users/zachmcdowell/My Drive/Misc PDFs + eBooks/3 - Misc. Scholarly Research/Harvard University Press/Boushey et al-2018-After Piketty.pdf}
}

@article{boyer2007a,
  title = {Assessing the Impact of Fair Value upon Financial Crises},
  author = {Boyer, Robert},
  year = {2007},
  month = oct,
  journal = {Socio-Economic Review},
  volume = {5},
  number = {4},
  pages = {779--807},
  issn = {1475-1461},
  annotation = {64 citations (Crossref) [2022-07-13]},
  file = {/Users/zachmcdowell/My Drive/Misc PDFs + eBooks/3 - Misc. Scholarly Research/Socio-Economic Review/Boyer-2007-Assessing the impact of fair value upon financial crises2.pdf}
}

@article{bradshaw1991,
  title = {Foreign Debt Expansion, the International Monetary Fund, and Regional Variation in Third World Poverty},
  author = {Bradshaw, York W. and Wahl, Ana-Maria},
  year = {1991},
  month = sep,
  journal = {International Studies Quarterly},
  volume = {35},
  number = {3},
  pages = {251--272},
  issn = {0020-8833},
  annotation = {19 citations (Crossref) [2022-07-13]},
  file = {/Users/zachmcdowell/My Drive/Misc PDFs + eBooks/3 - Misc. Scholarly Research/International Studies Quarterly/Bradshaw & Wahl-1991-Foreign Debt Expansion, the International Monetary Fund, and Regional Variation in Third World.pdf}
}

@article{brassett2012,
  title = {Performing the Sub-Prime Crisis: Trauma and the Financial Event},
  shorttitle = {Performing the Sub-Prime Crisis},
  author = {Brassett, James and Clarke, Chris},
  year = {2012},
  month = mar,
  journal = {International Political Sociology},
  volume = {6},
  number = {1},
  pages = {4--20},
  issn = {1749-5679},
  annotation = {26 citations (Crossref) [2022-07-13]},
  file = {/Users/zachmcdowell/My Drive/Misc PDFs + eBooks/3 - Misc. Scholarly Research/International Political Sociology/Brassett & Clarke-2012-Performing the Sub-Prime Crisis.pdf}
}

@article{braun2016a,
  title = {Speaking to the People? Money, Trust, and Central Bank Legitimacy in the Age of Quantitative Easing},
  shorttitle = {Speaking to the People?},
  author = {Braun, Benjamin},
  year = {2016},
  month = nov,
  journal = {Review of International Political Economy},
  volume = {23},
  number = {6},
  pages = {1064--1092},
  publisher = {Routledge},
  issn = {0969-2290},
  annotation = {60 citations (Crossref) [2022-07-07] \_eprint: https://doi.org/10.1080/09692290.2016.1252415},
  file = {/Users/zachmcdowell/My Drive/Misc PDFs + eBooks/3 - Misc. Scholarly Research/Review of International Political Economy/Braun-2016-Speaking to the people2.pdf}
}

@article{braun2020a,
  title = {Central Banking and the Infrastructural Power of Finance: The Case of ECB Support for Repo and Securitization Markets},
  shorttitle = {Central Banking and the Infrastructural Power of Finance},
  author = {Braun, Benjamin},
  year = {2020},
  month = apr,
  journal = {Socio-Economic Review},
  volume = {18},
  number = {2},
  pages = {395--418},
  issn = {1475-1461},
  annotation = {75 citations (Crossref) [2022-07-13]},
  file = {/Users/zachmcdowell/My Drive/Misc PDFs + eBooks/3 - Misc. Scholarly Research/Socio-Economic Review/Braun-2020-Central banking and the infrastructural power of finance.pdf}
}

@article{brautigam2022,
  title = {China and Zambia: Creating a Sovereign Debt Crisis},
  shorttitle = {China and Zambia},
  author = {Brautigam, Deborah},
  year = {2022},
  month = jul,
  journal = {International Affairs},
  volume = {98},
  number = {4},
  pages = {1347--1365},
  issn = {0020-5850},
  annotation = {0 citations (Crossref) [2022-07-13]},
  file = {/Users/zachmcdowell/My Drive/Misc PDFs + eBooks/3 - Misc. Scholarly Research/International Affairs/Brautigam-2022-China and Zambia.pdf}
}

@article{brawley2021,
  title = {Globalization/Deglobalization: Lessons from Liberal Monetary Orders},
  shorttitle = {Globalization/Deglobalization},
  author = {Brawley, Mark R},
  year = {2021},
  month = sep,
  journal = {International Affairs},
  volume = {97},
  number = {5},
  pages = {1505--1520},
  issn = {0020-5850},
  annotation = {0 citations (Crossref) [2022-07-13]},
  file = {/Users/zachmcdowell/My Drive/Misc PDFs + eBooks/3 - Misc. Scholarly Research/International Affairs/Brawley-2021-Globalization-deglobalization.pdf}
}

@article{bremer2020a,
  title = {The Ideational Foundations of Social Democratic Austerity in the Context of the Great Recession},
  author = {Bremer, Bj{\"o}rn and McDaniel, Sean},
  year = {2020},
  month = apr,
  journal = {Socio-Economic Review},
  volume = {18},
  number = {2},
  pages = {439--463},
  issn = {1475-1461},
  annotation = {21 citations (Crossref) [2022-07-13]},
  file = {/Users/zachmcdowell/My Drive/Misc PDFs + eBooks/3 - Misc. Scholarly Research/Socio-Economic Review/Bremer & McDaniel-2020-The ideational foundations of social democratic austerity in the context of the great recession.pdf}
}

@article{brooks2005,
  title = {Interdependent and Domestic Foundations of Policy Change: The Diffusion of Pension Privatization Around the World},
  shorttitle = {Interdependent and Domestic Foundations of Policy Change},
  author = {Brooks, Sarah M.},
  year = {2005},
  month = jun,
  journal = {International Studies Quarterly},
  volume = {49},
  number = {2},
  pages = {273--294},
  issn = {0020-8833},
  annotation = {155 citations (Crossref) [2022-07-13]},
  file = {/Users/zachmcdowell/My Drive/Misc PDFs + eBooks/3 - Misc. Scholarly Research/International Studies Quarterly/Brooks-2005-Interdependent and Domestic Foundations of Policy Change.pdf}
}

@article{brown2020b,
  title = {A 100 Years of Dollar Hegemony},
  author = {Brown, Brendan and link will open in a new window {Link to external site}, this},
  year = {2020},
  month = dec,
  journal = {Atlantic Economic Journal},
  volume = {48},
  number = {4},
  pages = {413--419},
  publisher = {Springer Nature B.V.},
  address = {New York, Netherlands},
  issn = {01974254},
  copyright = {\textcopyright{} International Atlantic Economic Society 2021.},
  langid = {english},
  annotation = {1 citations (Crossref) [2022-07-11]},
  file = {/Users/zachmcdowell/My Drive/Misc PDFs + eBooks/3 - Misc. Scholarly Research/Atlantic Economic Journal/Brown & Link to external site-2020-A 100 Years of Dollar Hegemony.pdf}
}

@article{broz1999,
  title = {Origins of the Federal Reserve System: International Incentives and the Domestic Free-Rider Problem},
  shorttitle = {Origins of the Federal Reserve System},
  author = {Broz, J. Lawrence},
  year = 1999,
  journal = {International Organization},
  volume = {53},
  number = {1},
  pages = {39--70},
  publisher = {Cambridge University Press},
  address = {Cambridge, United Kingdom},
  issn = {00208183},
  copyright = {Copyright MIT Press Journals Winter 1999},
  langid = {english},
  annotation = {26 citations (Crossref) [2022-07-11]},
  file = {/Users/zachmcdowell/My Drive/Misc PDFs + eBooks/3 - Misc. Scholarly Research/International Organization/Broz-1999-Origins of the Federal Reserve System.pdf}
}

@article{broz2001a,
  title = {The Political Economy of International Monetary Relations},
  author = {Broz, J. Lawrence and Frieden, Jeffry A.},
  year = {2001},
  journal = {Annual Review of Political Science},
  volume = {4},
  number = {1},
  pages = {317--343},
  annotation = {83 citations (Crossref) [2022-07-13] \_eprint: https://doi.org/10.1146/annurev.polisci.4.1.317},
  file = {/Users/zachmcdowell/My Drive/Misc PDFs + eBooks/3 - Misc. Scholarly Research/Annual Review of Political Science/Broz & Frieden-2001-The Political Economy of International Monetary Relations2.pdf}
}

@article{buntaine2015,
  title = {Accountability in Global Governance: Civil Society Claims for Environmental Performance at the World Bank*},
  shorttitle = {Accountability in Global Governance},
  author = {Buntaine, Mark T.},
  year = {2015},
  month = mar,
  journal = {International Studies Quarterly},
  volume = {59},
  number = {1},
  pages = {99--111},
  issn = {0020-8833},
  annotation = {15 citations (Crossref) [2022-07-13]},
  file = {/Users/zachmcdowell/My Drive/Misc PDFs + eBooks/3 - Misc. Scholarly Research/International Studies Quarterly/Buntaine-2015-Accountability in Global Governance.pdf}
}

@book{byttebier2022,
  title = {Covid-19 and Capitalism: Success and Failure of the Legal Methods for Dealing with a Pandemic},
  shorttitle = {Covid-19 and Capitalism},
  author = {Byttebier, Koen},
  year = {2022},
  series = {Economic and Financial Law \& Policy \textendash{} Shifting Insights \& Values},
  volume = {7},
  publisher = {Springer International Publishing},
  address = {Cham},
  isbn = {978-3-030-92900-8 978-3-030-92901-5},
  langid = {english},
  file = {/Users/zachmcdowell/My Drive/Misc PDFs + eBooks/3 - Misc. Scholarly Research/Springer International Publishing/Byttebier-2022-Covid-19 and Capitalism.pdf}
}

@article{cafiso2019a,
  title = {GDP Growth through Private Debt: The Effect of Monetary Shocks},
  shorttitle = {GDP Growth through Private Debt},
  author = {Cafiso, Gianluca},
  year = {2019},
  month = jun,
  journal = {CESifo Economic Studies},
  volume = {65},
  number = {2},
  pages = {236--253},
  issn = {1610-241X},
  annotation = {4 citations (Crossref) [2022-07-13]},
  file = {/Users/zachmcdowell/My Drive/Misc PDFs + eBooks/3 - Misc. Scholarly Research/CESifo Economic Studies/Cafiso-2019-GDP Growth through Private Debt2.pdf}
}

@article{camous2021,
  title = {Furor over the Fed: A President's Tweets and Central Bank Independence},
  shorttitle = {Furor over the Fed},
  author = {Camous, Antoine and Matveev, Dmitry},
  year = {2021},
  month = mar,
  journal = {CESifo Economic Studies},
  volume = {67},
  number = {1},
  pages = {106--127},
  issn = {1610-241X},
  annotation = {1 citations (Crossref) [2022-07-13]},
  file = {/Users/zachmcdowell/My Drive/Misc PDFs + eBooks/3 - Misc. Scholarly Research/CESifo Economic Studies/Camous & Matveev-2021-Furor over the Fed.pdf}
}

@article{carre2020,
  title = {The Federal Reserve's Dollar Swap Lines and the European Central Bank during the Global Financial Crisis of 2007\textendash 09},
  author = {Carr{\'e}, Emmanuel and Le Maux, Laurent},
  year = {2020},
  month = jul,
  journal = {Cambridge Journal of Economics},
  volume = {44},
  number = {4},
  pages = {723--747},
  issn = {0309-166X},
  annotation = {3 citations (Crossref) [2022-05-18]},
  file = {/Users/zachmcdowell/My Drive/Misc PDFs + eBooks/3 - Misc. Scholarly Research/Cambridge Journal of Economics/Carré & Le Maux-2020-The Federal Reserve’s Dollar Swap Lines and the European Central Bank during the global financial.pdf}
}

@article{cecchetti2003,
  title = {The European Central Bank and the Federal Reserve},
  author = {Cecchetti, Stephen G. and O'Sullivan, Roisin},
  year = 2003,
  journal = {Oxford Review of Economic Policy},
  volume = {19},
  number = {1},
  pages = {30},
  publisher = {Oxford Publishing Limited (England)},
  address = {Oxford, United Kingdom},
  issn = {0266903X},
  copyright = {Copyright Oxford University Press(England) Spring 2003},
  langid = {english},
  annotation = {8 citations (Crossref) [2022-07-11]},
  file = {/Users/zachmcdowell/My Drive/Misc PDFs + eBooks/3 - Misc. Scholarly Research/Oxford Review of Economic Policy/Cecchetti & O'Sullivan-2003-The European Central Bank and the Federal Reserve.pdf}
}

@article{chancel2021c,
  title = {Global Income Inequality, 1820\textendash 2020: The Persistence and Mutation of Extreme Inequality},
  shorttitle = {Global Income Inequality, 1820\textendash 2020},
  author = {Chancel, Lucas and Piketty, Thomas},
  year = {2021},
  month = dec,
  journal = {Journal of the European Economic Association},
  volume = {19},
  number = {6},
  pages = {3025--3062},
  issn = {1542-4766, 1542-4774},
  langid = {english},
  file = {/Users/zachmcdowell/My Drive/Misc PDFs + eBooks/3 - Misc. Scholarly Research/Journal of the European Economic Association/Chancel & Piketty-2021-Global Income Inequality, 1820–2020.pdf}
}

@techreport{chancel2022,
  title = {World Inequality Report 2022},
  author = {Chancel, Lucas and Piketty, Thomas and Saez, Emmanuel and Zucman, Gabriel},
  year = {2022},
  pages = {234},
  institution = {World Inequality Lab},
  langid = {english},
  file = {/Users/zachmcdowell/My Drive/Misc PDFs + eBooks/3 - Misc. Scholarly Research/World Inequality Lab/Chancel et al-2022-World inequality report 2022.pdf}
}

@article{chwieroth2007,
  title = {Testing and Measuring the Role of Ideas: The Case of Neoliberalism in the International Monetary Fund},
  shorttitle = {Testing and Measuring the Role of Ideas},
  author = {Chwieroth, Jeffrey M.},
  year = {2007},
  month = mar,
  journal = {International Studies Quarterly},
  volume = {51},
  number = {1},
  pages = {5--30},
  issn = {0020-8833},
  annotation = {75 citations (Crossref) [2022-07-13]},
  file = {/Users/zachmcdowell/My Drive/Misc PDFs + eBooks/3 - Misc. Scholarly Research/International Studies Quarterly/Chwieroth-2007-Testing and Measuring the Role of Ideas.pdf}
}

@article{chwieroth2008,
  title = {Normative Change from Within: The International Monetary Fund's Approach to Capital Account Liberalization},
  shorttitle = {Normative Change from Within},
  author = {Chwieroth, Jeffrey M.},
  year = {2008},
  month = mar,
  journal = {International Studies Quarterly},
  volume = {52},
  number = {1},
  pages = {129--158},
  issn = {0020-8833},
  annotation = {64 citations (Crossref) [2022-07-13]},
  file = {/Users/zachmcdowell/My Drive/Misc PDFs + eBooks/3 - Misc. Scholarly Research/International Studies Quarterly/Chwieroth-2008-Normative Change from Within.pdf}
}

@article{chwieroth2017,
  title = {Banking Crises and Politics: A Long-Run Perspective},
  shorttitle = {Banking Crises and Politics},
  author = {Chwieroth, Jeffrey M. and Walter, Andrew},
  year = {2017},
  month = sep,
  journal = {International Affairs},
  volume = {93},
  number = {5},
  pages = {1107--1129},
  issn = {0020-5850},
  annotation = {7 citations (Crossref) [2022-07-13]},
  file = {/Users/zachmcdowell/My Drive/Misc PDFs + eBooks/3 - Misc. Scholarly Research/International Affairs/Chwieroth & Walter-2017-Banking crises and politics.pdf}
}

@article{chwieroth2022,
  title = {Financialization, Wealth and the Changing Political Aftermaths of Banking Crises},
  author = {Chwieroth, Jeffrey M and Walter, Andrew},
  year = {2022},
  month = jan,
  journal = {Socio-Economic Review},
  volume = {20},
  number = {1},
  pages = {55--84},
  issn = {1475-1461},
  annotation = {2 citations (Crossref) [2022-07-13]},
  file = {/Users/zachmcdowell/My Drive/Misc PDFs + eBooks/3 - Misc. Scholarly Research/Socio-Economic Review/Chwieroth & Walter-2022-Financialization, wealth and the changing political aftermaths of banking crises.pdf}
}

@article{clark2013a,
  title = {Monetary Institutions and the Political Survival of Democratic Leaders},
  author = {Clark, William R. and Golder, Sona N. and Poast, Paul},
  year = {2013},
  month = sep,
  journal = {International Studies Quarterly},
  volume = {57},
  number = {3},
  pages = {556--567},
  issn = {0020-8833},
  annotation = {9 citations (Crossref) [2022-07-13]},
  file = {/Users/zachmcdowell/My Drive/Misc PDFs + eBooks/3 - Misc. Scholarly Research/International Studies Quarterly/Clark et al-2013-Monetary Institutions and the Political Survival of Democratic Leaders.pdf}
}

@article{cohen2003,
  title = {Are Monetary Unions Inevitable?},
  author = {Cohen, Benjamin J.},
  year = {2003},
  month = aug,
  journal = {International Studies Perspectives},
  volume = {4},
  number = {3},
  pages = {275--292},
  issn = {1528-3577},
  annotation = {11 citations (Crossref) [2022-07-13]},
  file = {/Users/zachmcdowell/My Drive/Misc PDFs + eBooks/3 - Misc. Scholarly Research/International Studies Perspectives/Cohen-2003-Are Monetary Unions Inevitable.pdf}
}

@book{conti-brown2018,
  title = {The Power and Independence of the Federal Reserve},
  author = {{Conti-Brown}, Peter},
  year = {2018},
  publisher = {Princeton University Press},
  address = {Princeton},
  isbn = {978-0-691-17838-7},
  annotation = {OCLC: on1023587175}
}

@article{copelovitch2008a,
  title = {Financial Regulation, Monetary Policy, and Inflation in the Industrialized World},
  author = {Copelovitch, Mark S. and Singer, David Andrew},
  year = {2008},
  month = jul,
  journal = {The Journal of Politics},
  volume = {70},
  number = {3},
  pages = {663--680},
  publisher = {The University of Chicago Press},
  issn = {0022-3816},
  annotation = {29 citations (Crossref) [2022-07-13]},
  file = {/Users/zachmcdowell/My Drive/Misc PDFs + eBooks/3 - Misc. Scholarly Research/The Journal of Politics/Copelovitch & Singer-2008-Financial Regulation, Monetary Policy, and Inflation in the Industrialized World2.pdf}
}

@article{correa2013a,
  title = {U.S. Federal Reserve Monetary Policy and the First Crisis of Securitization: Mexico and Latin America, 1994-1995},
  shorttitle = {U.S. Federal Reserve Monetary Policy and the First Crisis of Securitization},
  author = {Correa, Eugenia and Gir{\'o}n, Alicia},
  year = {2013},
  month = oct,
  journal = {International Journal of Political Economy},
  volume = {42},
  number = {3},
  pages = {84--98},
  publisher = {Routledge},
  issn = {0891-1916},
  annotation = {2 citations (Crossref) [2022-07-07] \_eprint: https://doi.org/10.2753/IJP0891-1916420305},
  file = {/Users/zachmcdowell/My Drive/Misc PDFs + eBooks/3 - Misc. Scholarly Research/International Journal of Political Economy/Correa & Girón-2013-U2.pdf}
}

@article{cox2018,
  title = {Political Science Student Journals: What Students Publish and Why Student Publishing Matters},
  shorttitle = {Political Science Student Journals},
  author = {Cox, Michaelene and Kent, Jaimie M.},
  year = {2018},
  month = oct,
  journal = {PS: Political Science \& Politics},
  volume = {51},
  number = {4},
  pages = {804--810},
  publisher = {Cambridge University Press},
  issn = {1049-0965, 1537-5935},
  langid = {english},
  annotation = {0 citations (Crossref) [2022-07-06]},
  file = {/Users/zachmcdowell/My Drive/Misc PDFs + eBooks/3 - Misc. Scholarly Research/PS Political Science & Politics/Cox & Kent-2018-Political Science Student Journals.pdf}
}

@article{cukierman2005,
  title = {Keynesian Economics, Monetary Policy and the Business Cycle \textendash{} New and Old},
  author = {Cukierman, Alex},
  year = {2005},
  month = jan,
  journal = {CESifo Economic Studies},
  volume = {51},
  number = {4},
  pages = {697--728},
  issn = {1610-241X},
  annotation = {4 citations (Crossref) [2022-07-13]},
  file = {/Users/zachmcdowell/My Drive/Misc PDFs + eBooks/3 - Misc. Scholarly Research/CESifo Economic Studies/Cukierman-2005-Keynesian Economics, Monetary Policy and the Business Cycle – New and Old.pdf}
}

@article{dang2021a,
  title = {Multinational Banks and IMF Conditionality},
  author = {Dang, Trung A and Stone, Randall W},
  year = {2021},
  month = jun,
  journal = {International Studies Quarterly},
  volume = {65},
  number = {2},
  pages = {375--386},
  issn = {0020-8833},
  annotation = {1 citations (Crossref) [2022-07-13]},
  file = {/Users/zachmcdowell/My Drive/Misc PDFs + eBooks/3 - Misc. Scholarly Research/International Studies Quarterly/Dang & Stone-2021-Multinational Banks and IMF Conditionality2.pdf}
}

@article{darista2013a,
  title = {State of the Art},
  author = {D'Arista, Jane},
  year = {2013},
  month = oct,
  journal = {International Journal of Political Economy},
  volume = {42},
  number = {3},
  pages = {5--23},
  publisher = {Routledge},
  issn = {0891-1916},
  annotation = {1 citations (Crossref) [2022-07-07] \_eprint: https://doi.org/10.2753/IJP0891-1916420301},
  file = {/Users/zachmcdowell/My Drive/Misc PDFs + eBooks/3 - Misc. Scholarly Research/International Journal of Political Economy/D'Arista-2013-State of the Art2.pdf}
}

@article{debortoli2016,
  title = {How Credible Is the Federal Reserve? A Structural Estimation of Policy Re-Optimizations},
  shorttitle = {How Credible Is the Federal Reserve?},
  author = {Debortoli, Davide and Lakdawala, Aeimit},
  year = {2016},
  month = jul,
  journal = {American Economic Journal: Macroeconomics},
  volume = {8},
  number = {3},
  pages = {42--76},
  issn = {1945-7707},
  langid = {english},
  annotation = {10 citations (Crossref) [2022-05-18]},
  file = {/Users/zachmcdowell/My Drive/Misc PDFs + eBooks/3 - Misc. Scholarly Research/American Economic Journal Macroeconomics/Debortoli & Lakdawala-2016-How Credible Is the Federal Reserve.pdf}
}

@article{diessner2020a,
  title = {Masters of the `Masters of the Universe'? Monetary, Fiscal and Financial Dominance in the Eurozone},
  shorttitle = {Masters of the `Masters of the Universe'?},
  author = {Diessner, Sebastian and Lisi, Giulio},
  year = {2020},
  month = apr,
  journal = {Socio-Economic Review},
  volume = {18},
  number = {2},
  pages = {315--335},
  issn = {1475-1461},
  annotation = {16 citations (Crossref) [2022-07-13]},
  file = {/Users/zachmcdowell/My Drive/Misc PDFs + eBooks/3 - Misc. Scholarly Research/Socio-Economic Review/Diessner & Lisi-2020-Masters of the ‘masters of the universe’2.pdf}
}

@book{dorr2018a,
  title = {The Impact of Monetary Policy on Economic Inequality},
  author = {D{\"o}rr, Patricia},
  year = {2018},
  publisher = {Springer International Publishing},
  address = {Wiesbaden},
  isbn = {978-3-658-24834-5 978-3-658-24835-2},
  file = {/Users/zachmcdowell/My Drive/Misc PDFs + eBooks/3 - Misc. Scholarly Research/Springer International Publishing/Dörr-2018-The Impact of Monetary Policy on Economic Inequality2.pdf}
}

@article{economides2016,
  title = {Monetary Union, Even Higher Integration, or Back to National Currencies?},
  author = {Economides, George and Philippopoulos, Apostolis and Varthalitis, Petros},
  year = {2016},
  month = jun,
  journal = {CESifo Economic Studies},
  volume = {62},
  number = {2},
  pages = {232--255},
  issn = {1610-241X},
  annotation = {1 citations (Crossref) [2022-07-13]},
  file = {/Users/zachmcdowell/My Drive/Misc PDFs + eBooks/3 - Misc. Scholarly Research/CESifo Economic Studies/Economides et al-2016-Monetary Union, Even Higher Integration, or Back to National Currencies.pdf}
}

@article{eichengreen2013,
  title = {Does the Federal Reserve Care about the Rest of the World?},
  author = {Eichengreen, Barry},
  year = 2013,
  journal = {The Journal of Economic Perspectives},
  volume = {27},
  number = {4},
  pages = {87--104},
  publisher = {American Economic Association},
  address = {Nashville, United States},
  issn = {08953309},
  chapter = {Symposia},
  copyright = {Copyright American Economic Association Fall 2013},
  langid = {english},
  annotation = {10 citations (Crossref) [2022-07-11]},
  file = {/Users/zachmcdowell/My Drive/Misc PDFs + eBooks/3 - Misc. Scholarly Research/The Journal of Economic Perspectives/Eichengreen-2013-Does the Federal Reserve Care about the Rest of the World.pdf}
}

@article{feldstein2013,
  title = {An Interview with Paul Volcker},
  author = {Feldstein, Martin},
  year = 2013,
  journal = {The Journal of Economic Perspectives},
  volume = {27},
  number = {4},
  pages = {105--120},
  publisher = {American Economic Association},
  address = {Nashville, United States},
  issn = {08953309},
  chapter = {Symposia},
  copyright = {Copyright American Economic Association Fall 2013},
  langid = {english},
  annotation = {9 citations (Crossref) [2022-07-11]},
  file = {/Users/zachmcdowell/My Drive/Misc PDFs + eBooks/3 - Misc. Scholarly Research/The Journal of Economic Perspectives/Feldstein-2013-An Interview with Paul Volcker.pdf}
}

@article{fernandez-albertos2015a,
  title = {The Politics of Central Bank Independence},
  author = {{Fern{\'a}ndez-Albertos}, Jos{\'e}},
  year = {2015},
  journal = {Annual Review of Political Science},
  volume = {18},
  number = {1},
  pages = {217--237},
  annotation = {54 citations (Crossref) [2022-07-13] \_eprint: https://doi.org/10.1146/annurev-polisci-071112-221121},
  file = {/Users/zachmcdowell/My Drive/Misc PDFs + eBooks/3 - Misc. Scholarly Research/Annual Review of Political Science/Fernández-Albertos-2015-The Politics of Central Bank Independence3.pdf}
}

@article{fligstein2014b,
  title = {Sucker Punched by the Invisible Hand: The World Financial Markets and the Globalization of the US Mortgage Crisis1},
  shorttitle = {Sucker Punched by the Invisible Hand},
  author = {Fligstein, Neil and Habinek, Jacob},
  year = {2014},
  month = oct,
  journal = {Socio-Economic Review},
  volume = {12},
  number = {4},
  pages = {637--665},
  issn = {1475-1461},
  annotation = {23 citations (Crossref) [2022-07-13]},
  file = {/Users/zachmcdowell/My Drive/Misc PDFs + eBooks/3 - Misc. Scholarly Research/Socio-Economic Review/Fligstein & Habinek-2014-Sucker punched by the invisible hand2.pdf}
}

@book{floyd2010,
  title = {Interest Rates, Exchange Rates and World Monetary Policy},
  author = {Floyd, John E.},
  year = {2010},
  publisher = {Springer International Publishing},
  address = {Berlin},
  isbn = {978-3-642-10303-2 978-3-642-10280-6},
  langid = {english},
  file = {/Users/zachmcdowell/My Drive/Misc PDFs + eBooks/3 - Misc. Scholarly Research/Springer International Publishing/Floyd-2010-Interest Rates, Exchange Rates and World Monetary Policy.pdf}
}

@article{franzese1999,
  title = {Partially Independent Central Banks, Politically Responsive Governments, and Inflation},
  author = {Franzese, Robert J.},
  year = {1999},
  journal = {American Journal of Political Science},
  volume = {43},
  number = {3},
  pages = {681--706},
  publisher = {[Midwest Political Science Association, Wiley]},
  issn = {0092-5853},
  annotation = {116 citations (Crossref) [2022-07-07]},
  file = {/Users/zachmcdowell/My Drive/Misc PDFs + eBooks/3 - Misc. Scholarly Research/American Journal of Political Science/Franzese-1999-Partially Independent Central Banks, Politically Responsive Governments, and Inflation.pdf}
}

@article{franzese2002b,
  title = {Electoral and Partisan Cycles in Economic Policies and Outcomes},
  author = {Franzese, Robert J.},
  year = {2002},
  journal = {Annual Review of Political Science},
  volume = {5},
  number = {1},
  pages = {369--421},
  annotation = {237 citations (Crossref) [2022-07-13] \_eprint: https://doi.org/10.1146/annurev.polisci.5.112801.080924},
  file = {/Users/zachmcdowell/My Drive/Misc PDFs + eBooks/3 - Misc. Scholarly Research/Annual Review of Political Science/Franzese-2002-Electoral and Partisan Cycles in Economic Policies and Outcomes4.pdf}
}

@article{franzese2017,
  title = {Multiple Hands on the Wheel: Empirically Modeling Partial Delegation and Shared Policy Control in the Open and Institutionalized Economy},
  shorttitle = {Multiple Hands on the Wheel},
  author = {Franzese, Robert J.},
  year = {2017},
  month = jan,
  journal = {Political Analysis},
  volume = {11},
  number = {4},
  pages = {445--474},
  publisher = {Cambridge University Press},
  issn = {1047-1987, 1476-4989},
  langid = {english},
  annotation = {19 citations (Crossref) [2022-07-07]},
  file = {/Users/zachmcdowell/My Drive/Misc PDFs + eBooks/3 - Misc. Scholarly Research/Political Analysis/Franzese-2017-Multiple Hands on the Wheel.pdf}
}

@article{fratzscher2016,
  title = {Rules Versus Human Beings, and the Mandate of the ECB},
  author = {Fratzscher, Marcel},
  year = {2016},
  month = mar,
  journal = {CESifo Economic Studies},
  volume = {62},
  number = {1},
  pages = {68--87},
  issn = {1610-241X},
  annotation = {3 citations (Crossref) [2022-07-13]},
  file = {/Users/zachmcdowell/My Drive/Misc PDFs + eBooks/3 - Misc. Scholarly Research/CESifo Economic Studies/Fratzscher-2016-Rules Versus Human Beings, and the Mandate of the ECB.pdf}
}

@article{frieden2016a,
  title = {The Governance of International Finance},
  author = {Frieden, Jeffry},
  year = {2016},
  journal = {Annual Review of Political Science},
  volume = {19},
  number = {1},
  pages = {33--48},
  annotation = {12 citations (Crossref) [2022-07-13] \_eprint: https://doi.org/10.1146/annurev-polisci-053014-031647},
  file = {/Users/zachmcdowell/My Drive/Misc PDFs + eBooks/3 - Misc. Scholarly Research/Annual Review of Political Science/Frieden-2016-The Governance of International Finance2.pdf}
}

@article{frieden2017a,
  title = {Understanding the Political Economy of the Eurozone Crisis},
  author = {Frieden, Jeffry and Walter, Stefanie},
  year = {2017},
  journal = {Annual Review of Political Science},
  volume = {20},
  number = {1},
  pages = {371--390},
  annotation = {90 citations (Crossref) [2022-07-13] \_eprint: https://doi.org/10.1146/annurev-polisci-051215-023101},
  file = {/Users/zachmcdowell/My Drive/Misc PDFs + eBooks/3 - Misc. Scholarly Research/Annual Review of Political Science/Frieden & Walter-2017-Understanding the Political Economy of the Eurozone Crisis2.pdf}
}

@article{fuhrer2018,
  title = {Should the Federal Reserve Regularly Evaluate Its Monetary Policy Framework?},
  author = {Fuhrer, Jeff and Olivei, Giovanni P. and Rosengren, Eric and Tootell, Geoffrey M.B.},
  year = {2018},
  journal = {Brookings Papers on Economic Activity},
  pages = {443--497},
  publisher = {Brookings Institution Press},
  issn = {0007-2303},
  annotation = {0 citations (Crossref) [2022-05-18]},
  file = {/Users/zachmcdowell/My Drive/Misc PDFs + eBooks/3 - Misc. Scholarly Research/Brookings Papers on Economic Activity/Fuhrer et al-2018-Should the Federal Reserve Regularly Evaluate Its Monetary Policy Framework.pdf}
}

@article{gandrud2015a,
  title = {Inflated Expectations: How Government Partisanship Shapes Monetary Policy Bureaucrats' Inflation Forecasts},
  shorttitle = {Inflated Expectations},
  author = {Gandrud, Christopher and Grafstr{\"o}m, Cassandra},
  year = {2015},
  month = may,
  journal = {Political Science Research and Methods},
  volume = {3},
  number = {2},
  pages = {353--380},
  publisher = {Cambridge University Press},
  address = {Cambridge, United Kingdom},
  issn = {2049-8470},
  copyright = {Copyright \textcopyright{} The European Political Science Association 2014},
  langid = {english},
  file = {/Users/zachmcdowell/My Drive/Misc PDFs + eBooks/3 - Misc. Scholarly Research/Political Science Research and Methods/Gandrud & Grafström-2015-Inflated Expectations2.pdf}
}

@article{germann2014,
  title = {German ``Grand Strategy'' and the Rise of Neoliberalism1},
  author = {Germann, Julian},
  year = {2014},
  month = dec,
  journal = {International Studies Quarterly},
  volume = {58},
  number = {4},
  pages = {706--716},
  issn = {0020-8833},
  annotation = {7 citations (Crossref) [2022-07-13]},
  file = {/Users/zachmcdowell/My Drive/Misc PDFs + eBooks/3 - Misc. Scholarly Research/International Studies Quarterly/Germann-2014-German “Grand Strategy” and the Rise of Neoliberalism1.pdf}
}

@article{goldstein2020a,
  title = {Financialization and Income Generation in the 21st Century: Rise of the Petit Rentier Class?},
  shorttitle = {Financialization and Income Generation in the 21st Century},
  author = {Goldstein, Adam and Tian, Ziyao},
  year = {2020},
  month = oct,
  journal = {Socio-Economic Review},
  pages = {mwaa038},
  issn = {1475-1461},
  annotation = {0 citations (Crossref) [2022-07-13]},
  file = {/Users/zachmcdowell/My Drive/Misc PDFs + eBooks/3 - Misc. Scholarly Research/Socio-Economic Review/Goldstein & Tian-2020-Financialization and income generation in the 21st century.pdf}
}

@article{golub2015,
  title = {What Were They Thinking? The Federal Reserve in the Run-up to the 2008 Financial Crisis},
  shorttitle = {What Were They Thinking?},
  author = {Golub, Stephen and Kaya, Ayse and Reay, Michael},
  year = {2015},
  month = jul,
  journal = {Review of International Political Economy},
  volume = {22},
  number = {4},
  pages = {657--692},
  publisher = {Routledge},
  issn = {0969-2290},
  annotation = {22 citations (Crossref) [2022-05-18] \_eprint: https://doi.org/10.1080/09692290.2014.932829},
  file = {/Users/zachmcdowell/My Drive/Misc PDFs + eBooks/3 - Misc. Scholarly Research/Review of International Political Economy/Golub et al-2015-What were they thinking.pdf}
}

@article{goodhart2015,
  title = {Brave New World? Macro-Prudential Policy and the New Political Economy of the Federal Reserve},
  shorttitle = {Brave New World?},
  author = {Goodhart, Lucy M.},
  year = {2015},
  month = mar,
  journal = {Review of International Political Economy},
  volume = {22},
  number = {2},
  pages = {280--310},
  publisher = {Routledge},
  issn = {0969-2290},
  annotation = {28 citations (Crossref) [2022-05-18] \_eprint: https://doi.org/10.1080/09692290.2014.915578},
  file = {/Users/zachmcdowell/My Drive/Misc PDFs + eBooks/3 - Misc. Scholarly Research/Review of International Political Economy/Goodhart-2015-Brave New World.pdf}
}

@article{goodman1991,
  title = {The Politics of Central Bank Independence},
  author = {Goodman, John B.},
  year = {1991},
  journal = {Comparative Politics},
  volume = {23},
  number = {3},
  pages = {329--349},
  publisher = {Comparative Politics, Ph.D. Programs in Political Science, City University of New York},
  issn = {0010-4159},
  annotation = {102 citations (Crossref) [2022-07-07]},
  file = {/Users/zachmcdowell/My Drive/Misc PDFs + eBooks/3 - Misc. Scholarly Research/Comparative Politics/Goodman-1991-The Politics of Central Bank Independence.pdf}
}

@article{grasselli2022,
  title = {Monetary Policy Responses to Covid-19: A Comparison with the 2008 Crisis and Implications for the Future of Central Banking},
  shorttitle = {Monetary Policy Responses to Covid-19},
  author = {Grasselli, Matheus R.},
  year = {2022},
  month = jul,
  journal = {Review of Political Economy},
  volume = {34},
  number = {3},
  pages = {420--445},
  publisher = {Routledge},
  issn = {0953-8259},
  annotation = {2 citations (Crossref) [2022-07-07] \_eprint: https://doi.org/10.1080/09538259.2021.1908778},
  file = {/Users/zachmcdowell/My Drive/Misc PDFs + eBooks/3 - Misc. Scholarly Research/Review of Political Economy/Grasselli-2022-Monetary Policy Responses to Covid-19.pdf}
}

@book{greider1989,
  title = {Secrets of the Temple: How the Federal Reserve Runs the Country},
  shorttitle = {Secrets of the Temple},
  author = {Greider, William},
  year = {1989},
  edition = {First},
  publisher = {Simon \& Schuster},
  address = {New York},
  isbn = {978-0-671-67556-1 978-0-671-47989-3},
  lccn = {HG2563 .G72 1989},
  file = {/Users/zachmcdowell/My Drive/Misc PDFs + eBooks/3 - Misc. Scholarly Research/Simon & Schuster/Greider-1989-Secrets of the temple.pdf}
}

@article{guardiancich2022,
  title = {The Political Economy of Pension Reforms in Europe under Financial Stress},
  author = {Guardiancich, Igor and Guidi, Mattia},
  year = {2022},
  month = apr,
  journal = {Socio-Economic Review},
  volume = {20},
  number = {2},
  pages = {817--840},
  issn = {1475-1461},
  annotation = {7 citations (Crossref) [2022-07-13]},
  file = {/Users/zachmcdowell/My Drive/Misc PDFs + eBooks/3 - Misc. Scholarly Research/Socio-Economic Review/Guardiancich & Guidi-2022-The political economy of pension reforms in Europe under financial stress.pdf}
}

@article{guerrieri2010,
  title = {Multipolar Governance and Global Imbalances},
  author = {Guerrieri, Paolo},
  year = {2010},
  month = may,
  journal = {International Affairs},
  volume = {86},
  number = {3},
  pages = {681--692},
  issn = {0020-5850},
  annotation = {4 citations (Crossref) [2022-07-13]},
  file = {/Users/zachmcdowell/My Drive/Misc PDFs + eBooks/3 - Misc. Scholarly Research/International Affairs/Guerrieri-2010-Multipolar governance and global imbalances.pdf}
}

@article{guven2017,
  title = {Defending Supremacy: How the IMF and the World Bank Navigate the Challenge of Rising Powers},
  shorttitle = {Defending Supremacy},
  author = {G{\"u}ven, Ali Burak},
  year = {2017},
  month = sep,
  journal = {International Affairs},
  volume = {93},
  number = {5},
  pages = {1149--1166},
  issn = {0020-5850},
  annotation = {15 citations (Crossref) [2022-07-13]},
  file = {/Users/zachmcdowell/My Drive/Misc PDFs + eBooks/3 - Misc. Scholarly Research/International Affairs/Güven-2017-Defending supremacy.pdf}
}

@article{guzzardi,
  title = {Reconstructing Income Inequality in Italy: New Evidence and Tax Policy Implications from Distributional National Accounts},
  author = {Guzzardi, Demetrio and Palagi, Elisa and Roventini, Andrea and Santoro, Alessandro},
  pages = {63},
  langid = {english},
  file = {/Users/zachmcdowell/My Drive/Misc PDFs + eBooks/3 - Misc. Scholarly Research/undefined/Guzzardi et al-Reconstructing Income Inequality in Italy.pdf}
}

@article{hacioglu-hoke2021,
  title = {The Distributional Impact of the Pandemic},
  author = {{Hac{\i}o{\u g}lu-Hoke}, Sinem and K{\"a}nzig, Diego R. and Surico, Paolo},
  year = {2021},
  month = may,
  journal = {European Economic Review},
  volume = {134},
  pages = {103680},
  issn = {00142921},
  langid = {english},
  file = {/Users/zachmcdowell/My Drive/Misc PDFs + eBooks/3 - Misc. Scholarly Research/European Economic Review/Hacıoğlu-Hoke et al-2021-The distributional impact of the pandemic.pdf}
}

@article{hallett2003,
  title = {On the Role of Labour Market Reform for the Enlargement of a Monetary Union},
  author = {Hallett, Andrew Hughes and Hougaard Jensen, Svend E.},
  year = {2003},
  month = jan,
  journal = {CESifo Economic Studies},
  volume = {49},
  number = {3},
  pages = {355--379},
  issn = {1610-241X},
  annotation = {5 citations (Crossref) [2022-07-13]},
  file = {/Users/zachmcdowell/My Drive/Misc PDFs + eBooks/3 - Misc. Scholarly Research/CESifo Economic Studies/Hallett & Hougaard Jensen-2003-On the Role of Labour Market Reform for the Enlargement of a Monetary Union.pdf}
}

@article{hansen2022,
  title = {The Economic Consequences of Banking Crises: The Role of Central Banks and Optimal Independence},
  shorttitle = {The Economic Consequences of Banking Crises},
  author = {Hansen, Daniel},
  year = {2022},
  month = may,
  journal = {American Political Science Review},
  volume = {116},
  number = {2},
  pages = {453--469},
  issn = {0003-0554, 1537-5943},
  langid = {english},
  annotation = {0 citations (Crossref) [2022-07-07]},
  file = {/Users/zachmcdowell/My Drive/Misc PDFs + eBooks/3 - Misc. Scholarly Research/American Political Science Review/Hansen-2022-The Economic Consequences of Banking Crises.pdf}
}

@book{harman2010a,
  title = {Zombie Capitalism: Global Crisis and the Relevance of Marx},
  shorttitle = {Zombie Capitalism},
  author = {Harman, Chris},
  year = {2010},
  publisher = {Haymarket Books},
  address = {Chicago},
  isbn = {978-1-60846-104-2},
  langid = {english},
  lccn = {HB501 .H3498 2010},
  annotation = {OCLC: ocn601128325},
  file = {/Users/zachmcdowell/My Drive/Misc PDFs + eBooks/3 - Misc. Scholarly Research/Haymarket Books/Harman-2010-Zombie capitalism.pdf}
}

@article{helleiner2010,
  title = {A Bretton Woods Moment? The 2007\textendash 2008 Crisis and the Future of Global Finance},
  shorttitle = {A Bretton Woods Moment?},
  author = {Helleiner, Eric},
  year = {2010},
  month = may,
  journal = {International Affairs},
  volume = {86},
  number = {3},
  pages = {619--636},
  issn = {0020-5850},
  annotation = {103 citations (Crossref) [2022-07-13]},
  file = {/Users/zachmcdowell/My Drive/Misc PDFs + eBooks/3 - Misc. Scholarly Research/International Affairs/Helleiner-2010-A Bretton Woods moment.pdf}
}

@article{hellwig2008,
  title = {The American Public and the Room to Maneuver: Responsibility Attributions and Policy Efficacy in an Era of Globalization},
  shorttitle = {The American Public and the Room to Maneuver},
  author = {Hellwig, Timothy T. and Ringsmuth, Eve M. and Freeman, John R.},
  year = {2008},
  month = dec,
  journal = {International Studies Quarterly},
  volume = {52},
  number = {4},
  pages = {855--880},
  issn = {0020-8833},
  annotation = {26 citations (Crossref) [2022-07-13]},
  file = {/Users/zachmcdowell/My Drive/Misc PDFs + eBooks/3 - Misc. Scholarly Research/International Studies Quarterly/Hellwig et al-2008-The American Public and the Room to Maneuver.pdf}
}

@article{hertel-fernandez2018e,
  title = {The Study of the Federal Reserve and Power in American Politics},
  author = {{Hertel-Fernandez}, Alexander},
  year = {2018},
  month = oct,
  journal = {PS: Political Science \& Politics},
  volume = {51},
  number = {4},
  pages = {751--754},
  publisher = {Cambridge University Press},
  address = {Washington, United Kingdom},
  issn = {10490965},
  chapter = {Symposium: American Oligarchy? The Concealed Politics of the Federal Reserve Bank},
  copyright = {Copyright \textcopyright{} American Political Science Association 2018},
  langid = {english},
  annotation = {0 citations (Crossref) [2022-07-07]},
  file = {/Users/zachmcdowell/My Drive/Misc PDFs + eBooks/3 - Misc. Scholarly Research/PS Political Science & Politics/Hertel-Fernandez-2018-The Study of the Federal Reserve and Power in American Politics2.pdf}
}

@book{hetzel2012,
  title = {The Great Recession: Market Failure or Policy Failure?},
  shorttitle = {The Great Recession},
  author = {Hetzel, Robert L.},
  year = {2012},
  publisher = {Cambridge University Press},
  address = {Cambridge},
  isbn = {978-1-107-01188-5},
  lccn = {HB3743 .H48 2012},
  file = {/Users/zachmcdowell/My Drive/Misc PDFs + eBooks/3 - Misc. Scholarly Research/Cambridge University Press/Hetzel-2012-The great recession.pdf}
}

@article{hicks2014,
  title = {Trade Policy, Economic Interests, and Party Politics in a Developing Country: The Political Economy of CAFTA-DR1},
  shorttitle = {Trade Policy, Economic Interests, and Party Politics in a Developing Country},
  author = {Hicks, Raymond and Milner, Helen V. and Tingley, Dustin},
  year = {2014},
  month = mar,
  journal = {International Studies Quarterly},
  volume = {58},
  number = {1},
  pages = {106--117},
  issn = {0020-8833},
  annotation = {30 citations (Crossref) [2022-07-13]},
  file = {/Users/zachmcdowell/My Drive/Misc PDFs + eBooks/3 - Misc. Scholarly Research/International Studies Quarterly/Hicks et al-2014-Trade Policy, Economic Interests, and Party Politics in a Developing Country.pdf}
}

@article{hirschman2014a,
  title = {Do Economists Make Policies? On the Political Effects of Economics1},
  shorttitle = {Do Economists Make Policies?},
  author = {Hirschman, Daniel and Berman, Elizabeth Popp},
  year = {2014},
  month = oct,
  journal = {Socio-Economic Review},
  volume = {12},
  number = {4},
  pages = {779--811},
  issn = {1475-1461},
  annotation = {131 citations (Crossref) [2022-07-13]},
  file = {/Users/zachmcdowell/My Drive/Misc PDFs + eBooks/3 - Misc. Scholarly Research/Socio-Economic Review/Hirschman & Berman-2014-Do economists make policies2.pdf}
}

@article{howarth2017,
  title = {Inflation Aversion in the European Union: Exploring the Myth of a North\textendash South Divide},
  shorttitle = {Inflation Aversion in the European Union},
  author = {Howarth, David and Rommerskirchen, Charlotte},
  year = {2017},
  month = apr,
  journal = {Socio-Economic Review},
  volume = {15},
  number = {2},
  pages = {385--404},
  issn = {1475-1461},
  annotation = {1 citations (Crossref) [2022-07-13]},
  file = {/Users/zachmcdowell/My Drive/Misc PDFs + eBooks/3 - Misc. Scholarly Research/Socio-Economic Review/Howarth & Rommerskirchen-2017-Inflation aversion in the European Union.pdf}
}

@article{howells2013a,
  title = {The U.S. Fed and the Bank of England},
  author = {Howells, Peter},
  year = {2013},
  month = oct,
  journal = {International Journal of Political Economy},
  volume = {42},
  number = {3},
  pages = {44--62},
  publisher = {Routledge},
  issn = {0891-1916},
  annotation = {0 citations (Crossref) [2022-07-07] \_eprint: https://doi.org/10.2753/IJP0891-1916420303},
  file = {/Users/zachmcdowell/My Drive/Misc PDFs + eBooks/3 - Misc. Scholarly Research/International Journal of Political Economy/Howells-2013-The U2.pdf}
}

@article{iversen2006b,
  title = {New Macroeconomics and Political Science},
  author = {Iversen, Torben and Soskice, David},
  year = {2006},
  journal = {Annual Review of Political Science},
  volume = {9},
  number = {1},
  pages = {425--453},
  annotation = {27 citations (Crossref) [2022-07-13] \_eprint: https://doi.org/10.1146/annurev.polisci.9.072004.085858},
  file = {/Users/zachmcdowell/My Drive/Misc PDFs + eBooks/3 - Misc. Scholarly Research/Annual Review of Political Science/Iversen & Soskice-2006-New Macroeconomics and Political Science2.pdf}
}

@book{jacobs2009a,
  title = {The Unsustainable American State},
  editor = {Jacobs, Lawrence R. and King, Desmond S.},
  year = {2009},
  publisher = {Oxford University Press},
  address = {Oxford},
  isbn = {978-0-19-539213-5 978-0-19-539214-2},
  lccn = {JC575 .U57 2009},
  annotation = {OCLC: ocn314382492},
  file = {/Users/zachmcdowell/My Drive/Misc PDFs + eBooks/3 - Misc. Scholarly Research/Oxford University Press/Jacobs & King-2009-The unsustainable American state.pdf}
}

@book{jacobs2016,
  title = {Fed Power: How Finance Wins},
  shorttitle = {Fed Power},
  author = {Jacobs, Lawrence R. and King, Desmond S.},
  year = {2016},
  publisher = {Oxford University Press},
  address = {New York},
  isbn = {978-0-19-938896-7},
  lccn = {HG2563 .J33 2016},
  file = {/Users/zachmcdowell/My Drive/Misc PDFs + eBooks/3 - Misc. Scholarly Research/Oxford University Press/Jacobs & King-2016-Fed power.pdf}
}

@article{jacobs2018d,
  title = {The Fed's Political Economy},
  author = {Jacobs, Lawrence R. and King, Desmond},
  year = {2018},
  month = oct,
  journal = {PS: Political Science \& Politics},
  volume = {51},
  number = {4},
  pages = {727--731},
  publisher = {Cambridge University Press},
  issn = {1049-0965, 1537-5935},
  langid = {english},
  annotation = {1 citations (Crossref) [2022-07-06]},
  file = {/Users/zachmcdowell/My Drive/Misc PDFs + eBooks/3 - Misc. Scholarly Research/PS Political Science & Politics/Jacobs & King-2018-The Fed’s Political Economy2.pdf}
}

@article{jacobs2018e,
  title = {Response to Sarah Binder and Mark Spindel's Review of Fed Power: How Finance Wins},
  shorttitle = {Response to Sarah Binder and Mark Spindel's Review of Fed Power},
  author = {Jacobs, Lawrence R. and King, Desmond},
  year = {2018},
  month = sep,
  journal = {Perspectives on Politics},
  volume = {16},
  number = {3},
  pages = {783--784},
  publisher = {Cambridge University Press},
  address = {Cambridge, United Kingdom},
  issn = {15375927},
  chapter = {Critical Dialogue},
  copyright = {Copyright \textcopyright{} American Political Science Association 2018},
  langid = {english},
  file = {/Users/zachmcdowell/My Drive/Misc PDFs + eBooks/3 - Misc. Scholarly Research/Perspectives on Politics/Jacobs & King-2018-Response to Sarah Binder and Mark Spindel’s review of Fed Power.pdf}
}

@article{james2011,
  title = {International Order after the Financial Crisis},
  author = {James, Harold},
  year = {2011},
  month = may,
  journal = {International Affairs},
  volume = {87},
  number = {3},
  pages = {525--537},
  issn = {0020-5850},
  annotation = {16 citations (Crossref) [2022-07-13]},
  file = {/Users/zachmcdowell/My Drive/Misc PDFs + eBooks/3 - Misc. Scholarly Research/International Affairs/James-2011-International order after the financial crisis.pdf}
}

@article{jaremski2020a,
  title = {The Founding of the Federal Reserve, the Great Depression, and the Evolution of the U.S. Interbank Network},
  author = {Jaremski, Matthew and Wheelock, David C.},
  year = {2020},
  month = mar,
  journal = {The Journal of Economic History},
  volume = {80},
  number = {1},
  pages = {69--99},
  publisher = {Cambridge University Press},
  address = {Santa Clara, United Kingdom},
  issn = {00220507},
  chapter = {Article},
  copyright = {Copyright Cambridge University Press Mar 2020},
  langid = {english},
  annotation = {4 citations (Crossref) [2022-07-11]},
  file = {/Users/zachmcdowell/My Drive/Misc PDFs + eBooks/3 - Misc. Scholarly Research/The Journal of Economic History/Jaremski & Wheelock-2020-The Founding of the Federal Reserve, the Great Depression, and the Evolution of the U.pdf}
}

@article{jensenius2018,
  title = {The Benefits and Pitfalls of Google Scholar},
  author = {Jensenius, Francesca R. and Htun, Mala and Samuels, David J. and Singer, David A. and Lawrence, Adria and Chwe, Michael},
  year = {2018},
  month = oct,
  journal = {PS: Political Science \& Politics},
  volume = {51},
  number = {4},
  pages = {820--824},
  publisher = {Cambridge University Press},
  issn = {1049-0965, 1537-5935},
  langid = {english},
  annotation = {10 citations (Crossref) [2022-07-06]},
  file = {/Users/zachmcdowell/My Drive/Misc PDFs + eBooks/3 - Misc. Scholarly Research/PS Political Science & Politics/Jensenius et al-2018-The Benefits and Pitfalls of Google Scholar.pdf}
}

@article{kahler2013a,
  title = {Rising Powers and Global Governance: Negotiating Change in a Resilient Status Quo},
  shorttitle = {Rising Powers and Global Governance},
  author = {Kahler, Miles},
  year = {2013},
  month = may,
  journal = {International Affairs},
  volume = {89},
  number = {3},
  pages = {711--729},
  issn = {0020-5850},
  annotation = {144 citations (Crossref) [2022-07-13]},
  file = {/Users/zachmcdowell/My Drive/Misc PDFs + eBooks/3 - Misc. Scholarly Research/International Affairs/Kahler-2013-Rising powers and global governance.pdf}
}

@article{kalinowski2013,
  title = {Regulating International Finance and the Diversity of Capitalism},
  author = {Kalinowski, Thomas},
  year = {2013},
  month = jul,
  journal = {Socio-Economic Review},
  volume = {11},
  number = {3},
  pages = {471--496},
  issn = {1475-1461},
  annotation = {31 citations (Crossref) [2022-07-13]},
  file = {/Users/zachmcdowell/My Drive/Misc PDFs + eBooks/3 - Misc. Scholarly Research/Socio-Economic Review/Kalinowski-2013-Regulating international finance and the diversity of capitalism.pdf}
}

@article{kaplan2017c,
  title = {The Political Economy of Sovereign Debt: Global Finance and Electoral Cycles},
  shorttitle = {The Political Economy of Sovereign Debt},
  author = {Kaplan, Stephen B. and Thomsson, Kaj},
  year = {2017},
  month = apr,
  journal = {The Journal of Politics},
  volume = {79},
  number = {2},
  pages = {605--623},
  publisher = {The University of Chicago Press},
  issn = {0022-3816},
  annotation = {14 citations (Crossref) [2022-07-13]},
  file = {/Users/zachmcdowell/My Drive/Misc PDFs + eBooks/3 - Misc. Scholarly Research/The Journal of Politics/Kaplan & Thomsson-2017-The Political Economy of Sovereign Debt2.pdf}
}

@article{katel2014,
  title = {The Federal Reserve: Should It Continue Trying to Create More Jobs?},
  author = {Katel, Peter},
  year = {2014},
  journal = {CQ Researcher},
  volume = {24},
  number = {1},
  pages = {1--24},
  publisher = {CQ Press},
  address = {Washington, D.C., United States},
  issn = {1942-5635},
  file = {/Users/zachmcdowell/My Drive/Misc PDFs + eBooks/3 - Misc. Scholarly Research/CQ Researcher/Katel-2014-The Federal Reserve.pdf}
}

@article{keefer2004a,
  title = {What Does Political Economy TELl Us About Economic Development\textemdash and Vice Versa?},
  author = {Keefer, Philip},
  year = {2004},
  journal = {Annual Review of Political Science},
  volume = {7},
  number = {1},
  pages = {247--272},
  annotation = {35 citations (Crossref) [2022-07-13] \_eprint: https://doi.org/10.1146/annurev.polisci.7.012003.104846},
  file = {/Users/zachmcdowell/My Drive/Misc PDFs + eBooks/3 - Misc. Scholarly Research/Annual Review of Political Science/Keefer-2004-What Does Political Economy ℡l Us About Economic Development—and Vice Versa3.pdf}
}

@book{kettl1988,
  title = {Leadership at the Fed},
  author = {Kettl, Donald F.},
  year = {1988},
  month = jul,
  publisher = {Yale University Press},
  address = {New Haven},
  googlebooks = {ESnGKQAACAAJ},
  isbn = {978-0-300-04363-1},
  langid = {english},
  file = {/Users/zachmcdowell/My Drive/Misc PDFs + eBooks/3 - Misc. Scholarly Research/Yale University Press/Kettl-1988-Leadership at the Fed.pdf}
}

@article{king2018b,
  title = {The Myth of Independence: How Congress Governs the Federal Reserve. By Sarah Binder and Mark Spindel. Princeton: Princeton University Press, 2017. 296p. \$35.00 Cloth.},
  shorttitle = {The Myth of Independence},
  author = {King, Desmond},
  year = {2018},
  month = sep,
  journal = {Perspectives on Politics},
  volume = {16},
  number = {3},
  pages = {779--781},
  publisher = {Cambridge University Press},
  issn = {1537-5927, 1541-0986},
  langid = {english},
  annotation = {0 citations (Crossref) [2022-07-05]},
  file = {/Users/zachmcdowell/My Drive/Misc PDFs + eBooks/3 - Misc. Scholarly Research/Perspectives on Politics/King-2018-The Myth of Independence.pdf}
}

@article{kohl2021,
  title = {Too Much Mortgage Debt? The Effect of Housing Financialization on Housing Supply and Residential Capital Formation},
  shorttitle = {Too Much Mortgage Debt?},
  author = {Kohl, Sebastian},
  year = {2021},
  month = apr,
  journal = {Socio-Economic Review},
  volume = {19},
  number = {2},
  pages = {413--440},
  issn = {1475-1461},
  annotation = {4 citations (Crossref) [2022-07-13]},
  file = {/Users/zachmcdowell/My Drive/Misc PDFs + eBooks/3 - Misc. Scholarly Research/Socio-Economic Review/Kohl-2021-Too much mortgage debt.pdf}
}

@article{kohn2013a,
  title = {Federal Reserve Independence in the Aftermath of the Financial Crisis: Should We Be Worried?},
  shorttitle = {Federal Reserve Independence in the Aftermath of the Financial Crisis},
  author = {Kohn, Donald},
  year = {2013},
  month = apr,
  journal = {Business Economics},
  volume = {48},
  number = {2},
  pages = {104--107},
  issn = {1554-432X},
  langid = {english},
  annotation = {0 citations (Crossref) [2022-05-18]},
  file = {/Users/zachmcdowell/My Drive/Misc PDFs + eBooks/3 - Misc. Scholarly Research/Business Economics/Kohn-2013-Federal Reserve Independence in the Aftermath of the Financial Crisis.pdf}
}

@article{kosmetatos2019,
  title = {Last Resort Lending before Henry Thornton? The Bank of England's Role in Containing the 1763 and 1772\textendash 1773 British Credit Crises},
  shorttitle = {Last Resort Lending before Henry Thornton?},
  author = {Kosmetatos, Paul},
  year = {2019},
  month = aug,
  journal = {European Review of Economic History},
  volume = {23},
  number = {3},
  pages = {299--328},
  issn = {1361-4916},
  annotation = {2 citations (Crossref) [2022-07-13]},
  file = {/Users/zachmcdowell/My Drive/Misc PDFs + eBooks/3 - Misc. Scholarly Research/European Review of Economic History/Kosmetatos-2019-Last resort lending before Henry Thornton.pdf}
}

@article{krampf2019,
  title = {Monetary Power Reconsidered: The Struggle between the Bundesbank and the Fed over Monetary Leadership},
  shorttitle = {Monetary Power Reconsidered},
  author = {Krampf, Arie},
  year = {2019},
  month = dec,
  journal = {International Studies Quarterly},
  volume = {63},
  number = {4},
  pages = {938--951},
  issn = {0020-8833},
  annotation = {2 citations (Crossref) [2022-07-13]},
  file = {/Users/zachmcdowell/My Drive/Misc PDFs + eBooks/3 - Misc. Scholarly Research/International Studies Quarterly/Krampf-2019-Monetary Power Reconsidered.pdf}
}

@techreport{labonte2020,
  type = {In Focus},
  title = {Introduction to Financial Services: The Federal Reserve},
  author = {Labonte, Marc and Webel, Baird},
  year = {2020},
  pages = {3},
  address = {Washington, DC},
  institution = {Congressional Research Service},
  langid = {english},
  keywords = {\#nosource},
  file = {/Users/zachmcdowell/My Drive/Misc PDFs + eBooks/3 - Misc. Scholarly Research/Congressional Research Service/Labonte & Webel-2020-Introduction to Financial Services.pdf}
}

@book{langdana2022,
  title = {Macroeconomic Policy: Demystifying Monetary and Fiscal Policy},
  shorttitle = {Macroeconomic Policy},
  author = {Langdana, Farrokh K.},
  year = {2022},
  series = {Springer Texts in Business and Economics},
  edition = {Fourth},
  publisher = {Springer International Publishing},
  address = {Cham},
  isbn = {978-3-030-92057-9 978-3-030-92058-6},
  langid = {english},
  file = {/Users/zachmcdowell/My Drive/Misc PDFs + eBooks/3 - Misc. Scholarly Research/Springer International Publishing/Langdana-2022-Macroeconomic Policy.pdf}
}

@book{langman2018,
  ids = {langman2018a},
  title = {Twenty-First Century Inequality \& Capitalism: Piketty, Marx and Beyond},
  shorttitle = {Twenty-First Century Inequality \& Capitalism},
  editor = {Langman, Lauren and Smith, David Alden and Begicevic, Alma},
  year = {2018},
  series = {Historical Materialism Book Series},
  number = {volume 116},
  publisher = {Brill},
  address = {Leiden},
  isbn = {978-90-04-33144-0},
  langid = {english},
  lccn = {HB105.P54 P55 2018},
  file = {/Users/zachmcdowell/My Drive/Misc PDFs + eBooks/3 - Misc. Scholarly Research/Brill/Langman et al-2018-Twenty-first century inequality & capitalism.pdf}
}

@book{lapavitsas2013,
  title = {Financialization in Crisis},
  author = {Lapavitsas, Costas},
  year = {2013},
  publisher = {Haymarket Books},
  address = {Chicago},
  isbn = {978-1-60846-237-7},
  langid = {english},
  keywords = {\#nosource},
  annotation = {Citations}
}

@book{lapavitsas2013c,
  title = {Profiting without Producing: How Finance Exploits Us All},
  shorttitle = {Profiting without Producing},
  author = {Lapavitsas, Costas},
  year = {2013},
  publisher = {Verso},
  address = {London},
  isbn = {978-1-78168-141-1 978-1-78168-246-3},
  lccn = {HG173 .L37 2013},
  file = {/Users/zachmcdowell/My Drive/Misc PDFs + eBooks/3 - Misc. Scholarly Research/Verso/Lapavitsas-2013-Profiting without producing.pdf}
}

@incollection{lastra2014,
  title = {The Role of Central Banks in Monetary Affairs: A Comparative Perspective},
  shorttitle = {The Role of Central Banks in Monetary Affairs},
  booktitle = {The Rule of Law in Monetary Affairs: World Trade Forum},
  author = {Lastra, Rosa M.},
  editor = {Tietje, Christian and Lastra, Rosa M. and Cottier, Thomas},
  year = {2014},
  pages = {78--102},
  publisher = {Cambridge University Press},
  address = {Cambridge},
  isbn = {978-1-107-68762-2},
  file = {/Users/zachmcdowell/My Drive/Misc PDFs + eBooks/3 - Misc. Scholarly Research/Cambridge University Press/Lastra-2014-The role of central banks in monetary affairs.pdf}
}

@article{lavelle2011,
  title = {Multilateral Cooperation and Congress: The Legislative Process of Securing Funding for the World Bank1},
  shorttitle = {Multilateral Cooperation and Congress},
  author = {Lavelle, Kathryn C.},
  year = {2011},
  month = mar,
  journal = {International Studies Quarterly},
  volume = {55},
  number = {1},
  pages = {199--222},
  issn = {0020-8833},
  annotation = {10 citations (Crossref) [2022-07-13]},
  file = {/Users/zachmcdowell/My Drive/Misc PDFs + eBooks/3 - Misc. Scholarly Research/International Studies Quarterly/Lavelle-2011-Multilateral Cooperation and Congress.pdf}
}

@article{layne2018,
  title = {The US\textendash Chinese Power Shift and the End of the Pax Americana},
  author = {Layne, Christopher},
  year = {2018},
  month = jan,
  journal = {International Affairs},
  volume = {94},
  number = {1},
  pages = {89--111},
  issn = {0020-5850},
  annotation = {89 citations (Crossref) [2022-07-13]},
  file = {/Users/zachmcdowell/My Drive/Misc PDFs + eBooks/3 - Misc. Scholarly Research/International Affairs/Layne-2018-The US–Chinese power shift and the end of the Pax Americana.pdf}
}

@article{leblang2003,
  title = {To Devalue or to Defend? The Political Economy of Exchange Rate Policy},
  shorttitle = {To Devalue or to Defend?},
  author = {Leblang, David},
  year = {2003},
  month = dec,
  journal = {International Studies Quarterly},
  volume = {47},
  number = {4},
  pages = {533--559},
  issn = {0020-8833},
  annotation = {73 citations (Crossref) [2022-07-13]},
  file = {/Users/zachmcdowell/My Drive/Misc PDFs + eBooks/3 - Misc. Scholarly Research/International Studies Quarterly/Leblang-2003-To Devalue or to Defend.pdf}
}

@article{leitao2018,
  title = {After Austerity: Welfare State Transformation in Europe after the Great Recession},
  shorttitle = {After Austerity},
  author = {Leit{\~a}o, Ant{\'o}nio},
  year = {2018},
  month = may,
  journal = {International Affairs},
  volume = {94},
  number = {3},
  pages = {670--671},
  issn = {0020-5850},
  annotation = {0 citations (Crossref) [2022-07-13]},
  file = {/Users/zachmcdowell/My Drive/Misc PDFs + eBooks/3 - Misc. Scholarly Research/International Affairs/Leitão-2018-After austerity.pdf}
}

@book{leonard2022,
  title = {The Lords of Easy Money},
  author = {Leonard, Christopher},
  year = {2022},
  publisher = {Simon \& Schuster},
  address = {New York},
  isbn = {978-1-982166-63-2},
  langid = {english},
  file = {/Users/zachmcdowell/My Drive/Misc PDFs + eBooks/3 - Misc. Scholarly Research/Simon & Schuster/Leonard-2022-The Lords of Easy Money.pdf}
}

@article{lewis2012,
  title = {The Financial Crisis and Federal Reserve Policy},
  author = {Lewis, Danielle R.},
  year = {2012},
  month = sep,
  journal = {Journal of Economic Issues},
  volume = {46},
  number = {3},
  pages = {828--830},
  publisher = {Taylor \& Francis Ltd.},
  address = {Abingdon, United Kingdom},
  issn = {00213624},
  chapter = {Book Reviews},
  copyright = {Copyright M. E. Sharpe Inc. Sep 2012},
  langid = {english},
  file = {/Users/zachmcdowell/My Drive/Misc PDFs + eBooks/3 - Misc. Scholarly Research/Journal of Economic Issues/Lewis-2012-The Financial Crisis and Federal Reserve Policy.pdf}
}

@article{li2003a,
  title = {Banking on Reform: Political Parties and Central Bank Independence in the Industrial Democracies},
  shorttitle = {Banking on Reform},
  author = {Li, Quan},
  year = {2003},
  month = aug,
  journal = {The Journal of Politics},
  volume = {65},
  number = {3},
  pages = {924--926},
  publisher = {The University of Chicago Press},
  issn = {0022-3816},
  annotation = {0 citations (Crossref) [2022-07-13]},
  file = {/Users/zachmcdowell/My Drive/Misc PDFs + eBooks/3 - Misc. Scholarly Research/The Journal of Politics/Li-2003-Banking on Reform.pdf}
}

@article{liao2015,
  title = {Redback Rising: China's Bilateral Swap Agreements and Renminbi Internationalization},
  shorttitle = {Redback Rising},
  author = {Liao, Steven and McDowell, Daniel},
  year = {2015},
  month = sep,
  journal = {International Studies Quarterly},
  volume = {59},
  number = {3},
  pages = {401--422},
  issn = {0020-8833},
  annotation = {43 citations (Crossref) [2022-07-13]},
  file = {/Users/zachmcdowell/My Drive/Misc PDFs + eBooks/3 - Misc. Scholarly Research/International Studies Quarterly/Liao & McDowell-2015-Redback Rising.pdf}
}

@article{limberg2022,
  title = {Banking Crises and the Modern Tax State},
  author = {Limberg, Julian},
  year = {2022},
  month = jan,
  journal = {Socio-Economic Review},
  volume = {20},
  number = {1},
  pages = {29--54},
  issn = {1475-1461},
  annotation = {2 citations (Crossref) [2022-07-13]},
  file = {/Users/zachmcdowell/My Drive/Misc PDFs + eBooks/3 - Misc. Scholarly Research/Socio-Economic Review/Limberg-2022-Banking crises and the modern tax state.pdf}
}

@book{lindsey2016,
  title = {A Century of Monetary Policy at the Fed},
  author = {Lindsey, David E.},
  year = {2016},
  publisher = {Palgrave Macmillan},
  address = {New York},
  isbn = {978-1-349-88757-6 978-1-137-57859-4},
  langid = {english},
  file = {/Users/zachmcdowell/My Drive/Misc PDFs + eBooks/3 - Misc. Scholarly Research/Palgrave Macmillan/Lindsey-2016-A Century of Monetary Policy at the Fed.pdf}
}

@book{lowenstein2016,
  title = {America's Bank: The Epic Struggle to Create the Federal Reserve},
  author = {Lowenstein, Roger},
  year = {2016},
  publisher = {Penguin Books},
  address = {New York},
  isbn = {978-1-101-61412-9},
  langid = {english},
  annotation = {OCLC: 1090924645},
  file = {/Users/zachmcdowell/My Drive/Misc PDFs + eBooks/3 - Misc. Scholarly Research/Penguin Books/Lowenstein-2016-America's Bank.pdf}
}

@article{lowenstein2017,
  title = {Bullying The Bank},
  author = {Lowenstein, Roger},
  year = {2017},
  month = oct,
  journal = {Wall Street Journal, Eastern edition},
  pages = {A.19},
  publisher = {Dow Jones \& Company Inc},
  address = {New York, N.Y., United States},
  issn = {00999660},
  copyright = {(c) 2017 Dow Jones \& Company, Inc. Reproduced with permission of copyright owner. Further reproduction or distribution is prohibited without permission.},
  langid = {english},
  file = {/Users/zachmcdowell/My Drive/Misc PDFs + eBooks/3 - Misc. Scholarly Research/Wall Street Journal, Eastern edition/Lowenstein-2017-Bullying The Bank.pdf}
}

@book{macartney2022,
  title = {The Fault Lines of Inequality: COVID 19 and the Politics of Financialization},
  shorttitle = {The Fault Lines of Inequality},
  author = {Macartney, Huw and Montgomerie, Johnna and Tepe, Daniela},
  year = {2022},
  publisher = {Springer International Publishing},
  address = {Cham},
  isbn = {978-3-030-96913-4 978-3-030-96914-1},
  langid = {english}
}

@book{meltzer2004,
  title = {A History of the Federal Reserve, Volume 1: 1913-1951},
  shorttitle = {A History of the Federal Reserve, Volume 1},
  author = {Meltzer, Allan H.},
  year = {2004},
  month = jun,
  publisher = {University of Chicago Press},
  address = {Chicago},
  isbn = {978-0-226-52000-1},
  langid = {english},
  file = {/Users/zachmcdowell/My Drive/Misc PDFs + eBooks/3 - Misc. Scholarly Research/University of Chicago Press/Meltzer-2004-A History of the Federal Reserve, Volume 1.pdf}
}

@article{meltzer2014,
  title = {Federal Reserve Independence},
  author = {Meltzer, Allan H.},
  year = {2014},
  month = dec,
  journal = {Journal of Economic Dynamics and Control},
  series = {Frameworks for Central Banking in the Next Century},
  volume = {49},
  pages = {160--163},
  issn = {0165-1889},
  langid = {english},
  annotation = {3 citations (Crossref) [2022-07-11]},
  file = {/Users/zachmcdowell/My Drive/Misc PDFs + eBooks/3 - Misc. Scholarly Research/Journal of Economic Dynamics and Control/Meltzer-2014-Federal reserve independence.pdf}
}

@book{meltzer2014a,
  title = {A History of the Federal Reserve, Volume 2, Book 2, 1970-1986},
  author = {Meltzer, Allan H.},
  year = {2014},
  month = aug,
  publisher = {University of Chicago Press},
  address = {Chicago},
  isbn = {978-0-226-21351-4},
  langid = {english},
  file = {/Users/zachmcdowell/My Drive/Misc PDFs + eBooks/3 - Misc. Scholarly Research/University of Chicago Press/Meltzer-2014-A History of the Federal Reserve, Volume 2, Book 2, 1970-1986.pdf}
}

@book{meltzer2014b,
  title = {A History of the Federal Reserve, Volume 2, Book 1, 1951-1969},
  author = {Meltzer, Allan H.},
  year = {2014},
  month = aug,
  publisher = {University of Chicago Press},
  address = {Chicago},
  isbn = {978-0-226-52002-5},
  langid = {english},
  file = {/Users/zachmcdowell/My Drive/Misc PDFs + eBooks/3 - Misc. Scholarly Research/University of Chicago Press/Meltzer-2014-A History of the Federal Reserve, Volume 2, Book 1, 1951-1969.pdf}
}

@article{milner2004,
  title = {Partisanship, Trade Policy, and Globalization: Is There a Left\textendash Right Divide on Trade Policy?},
  shorttitle = {Partisanship, Trade Policy, and Globalization},
  author = {Milner, Helen V. and Judkins, Benjamin},
  year = {2004},
  month = mar,
  journal = {International Studies Quarterly},
  volume = {48},
  number = {1},
  pages = {95--119},
  issn = {0020-8833},
  annotation = {113 citations (Crossref) [2022-07-13]},
  file = {/Users/zachmcdowell/My Drive/Misc PDFs + eBooks/3 - Misc. Scholarly Research/International Studies Quarterly/Milner & Judkins-2004-Partisanship, Trade Policy, and Globalization.pdf}
}

@article{mizen2006,
  title = {Monetary Policy, Corporate Financial Composition and Real Activity},
  author = {Mizen, Paul and Yalcin, Cihan},
  year = {2006},
  month = mar,
  journal = {CESifo Economic Studies},
  volume = {52},
  number = {1},
  pages = {177--213},
  issn = {1610-241X},
  annotation = {2 citations (Crossref) [2022-07-13]},
  file = {/Users/zachmcdowell/My Drive/Misc PDFs + eBooks/3 - Misc. Scholarly Research/CESifo Economic Studies/Mizen & Yalcin-2006-Monetary Policy, Corporate Financial Composition and Real Activity.pdf}
}

@article{morgan2009,
  title = {The Limits of Central Bank Policy: Economic Crisis and the Challenge of Effective Solutions},
  shorttitle = {The Limits of Central Bank Policy},
  author = {Morgan, Jamie},
  year = {2009},
  month = jul,
  journal = {Cambridge Journal of Economics},
  volume = {33},
  number = {4},
  pages = {581--608},
  issn = {0309-166X},
  annotation = {21 citations (Crossref) [2022-07-13]},
  file = {/Users/zachmcdowell/My Drive/Misc PDFs + eBooks/3 - Misc. Scholarly Research/Cambridge Journal of Economics/Morgan-2009-The limits of central bank policy.pdf}
}

@article{moschella2009,
  title = {When Ideas Fail to Influence Policy Outcomes: Orderly Liberalization and the International Monetary Fund},
  shorttitle = {When Ideas Fail to Influence Policy Outcomes},
  author = {Moschella, Manuela},
  year = {2009},
  journal = {Review of International Political Economy},
  volume = {16},
  number = {5},
  pages = {854--882},
  issn = {0969-2290},
  langid = {english},
  annotation = {12 citations (Crossref) [2022-07-11]},
  file = {/Users/zachmcdowell/My Drive/Misc PDFs + eBooks/3 - Misc. Scholarly Research/Review of International Political Economy/Moschella-2009-When ideas fail to influence policy outcomes.pdf}
}

@book{nakamura2017a,
  title = {Monetary Policy in the Soviet Union},
  author = {Nakamura, Yasushi},
  year = {2017},
  publisher = {Palgrave Macmillan},
  address = {New York},
  isbn = {978-1-137-49416-0 978-1-137-49418-4},
  langid = {english},
  file = {/Users/zachmcdowell/My Drive/Misc PDFs + eBooks/3 - Misc. Scholarly Research/Palgrave Macmillan/Nakamura-2017-Monetary Policy in the Soviet Union2.pdf}
}

@article{nolke2016a,
  title = {Economic Causes of the Eurozone Crisis: The Analytical Contribution of Comparative Capitalism},
  shorttitle = {Economic Causes of the Eurozone Crisis},
  author = {N{\"o}lke, Andreas},
  year = {2016},
  month = jan,
  journal = {Socio-Economic Review},
  volume = {14},
  number = {1},
  pages = {141--161},
  issn = {1475-1461},
  annotation = {73 citations (Crossref) [2022-07-13]},
  file = {/Users/zachmcdowell/My Drive/Misc PDFs + eBooks/3 - Misc. Scholarly Research/Socio-Economic Review/Nölke-2016-Economic causes of the Eurozone crisis2.pdf}
}

@article{norrlof2018,
  title = {Hegemony and Inequality: Trump and the Liberal Playbook},
  shorttitle = {Hegemony and Inequality},
  author = {Norrlof, Carla},
  year = {2018},
  month = jan,
  journal = {International Affairs},
  volume = {94},
  number = {1},
  pages = {63--88},
  issn = {0020-5850},
  annotation = {27 citations (Crossref) [2022-07-13]},
  file = {/Users/zachmcdowell/My Drive/Misc PDFs + eBooks/3 - Misc. Scholarly Research/International Affairs/Norrlof-2018-Hegemony and inequality.pdf}
}

@article{norrlof2020a,
  title = {Global Monetary Order and the Liberal Order Debate},
  author = {Norrlof, Carla and Poast, Paul and Cohen, Benjamin J and Croteau, Sabreena and Khanna, Aashna and McDowell, Daniel and Wang, Hongying and Winecoff, W Kindred},
  year = {2020},
  month = may,
  journal = {International Studies Perspectives},
  volume = {21},
  number = {2},
  pages = {109--153},
  issn = {1528-3577},
  annotation = {6 citations (Crossref) [2022-07-13]},
  file = {/Users/zachmcdowell/My Drive/Misc PDFs + eBooks/3 - Misc. Scholarly Research/International Studies Perspectives/Norrlof et al-2020-Global Monetary Order and the Liberal Order Debate2.pdf}
}

@article{ojala2021a,
  title = {Doing Away with the Sovereign: Neoliberalism and the Promotion of Market Discipline in European Economic Governance},
  shorttitle = {Doing Away with the Sovereign},
  author = {Ojala, Markus},
  year = {2021},
  month = jan,
  journal = {New Political Economy},
  volume = {26},
  number = {1},
  pages = {203--215},
  publisher = {Routledge},
  issn = {1356-3467},
  annotation = {2 citations (Crossref) [2022-07-07] \_eprint: https://doi.org/10.1080/13563467.2020.1729714},
  file = {/Users/zachmcdowell/My Drive/Misc PDFs + eBooks/3 - Misc. Scholarly Research/New Political Economy/Ojala-2021-Doing Away with the Sovereign.pdf}
}

@article{ozgode2021,
  title = {The Emergence of Systemic Risk: The Federal Reserve, Bailouts, and Monetary Government at the Limits},
  shorttitle = {The Emergence of Systemic Risk},
  author = {{\"O}zg{\"o}de, Onur},
  year = {2021},
  month = feb,
  journal = {Socio-Economic Review},
  pages = {mwaa053},
  issn = {1475-1461},
  annotation = {2 citations (Crossref) [2022-07-13]},
  file = {/Users/zachmcdowell/My Drive/Misc PDFs + eBooks/3 - Misc. Scholarly Research/Socio-Economic Review/Özgöde-2021-The emergence of systemic risk.pdf}
}

@article{pagliari2020a,
  title = {The Financialization of Policy Preferences: Financial Asset Ownership, Regulation and Crisis Management},
  shorttitle = {The Financialization of Policy Preferences},
  author = {Pagliari, Stefano and Phillips, Lauren M and Young, Kevin L},
  year = {2020},
  month = jul,
  journal = {Socio-Economic Review},
  volume = {18},
  number = {3},
  pages = {655--680},
  issn = {1475-1461},
  annotation = {5 citations (Crossref) [2022-07-13]},
  file = {/Users/zachmcdowell/My Drive/Misc PDFs + eBooks/3 - Misc. Scholarly Research/Socio-Economic Review/Pagliari et al-2020-The financialization of policy preferences2.pdf}
}

@article{pape2022a,
  title = {Governing Global Liquidity: Federal Reserve Swap Lines and the International Dimension of US Monetary Policy},
  shorttitle = {Governing Global Liquidity},
  author = {Pape, Fabian},
  year = {2022},
  month = jun,
  journal = {New Political Economy},
  volume = {27},
  number = {3},
  pages = {455--472},
  publisher = {Taylor \& Francis Ltd.},
  address = {Abingdon, United Kingdom},
  issn = {13563467},
  copyright = {\textcopyright{} 2021 The Author(s). Published by Informa UK Limited, trading as Taylor \& Francis Group. This work is licensed under the Creative Commons Attribution License http://creativecommons.org/licenses/by/4.0/ (the ``License''). Notwithstanding the ProQuest Terms and Conditions, you may use this content in accordance with the terms of the License.},
  langid = {english},
  annotation = {2 citations (Crossref) [2022-07-11]},
  file = {/Users/zachmcdowell/My Drive/Misc PDFs + eBooks/3 - Misc. Scholarly Research/New Political Economy/Pape-2022-Governing Global Liquidity.pdf}
}

@article{park2022,
  title = {Asymmetric Incentives and the New Politics of Monetary Policy},
  author = {Park, Gene and Cheung, Gabrielle and Katada, Saori N},
  year = {2022},
  month = apr,
  journal = {Socio-Economic Review},
  volume = {20},
  number = {2},
  pages = {733--757},
  issn = {1475-1461},
  annotation = {0 citations (Crossref) [2022-07-13]},
  file = {/Users/zachmcdowell/My Drive/Misc PDFs + eBooks/3 - Misc. Scholarly Research/Socio-Economic Review/Park et al-2022-Asymmetric incentives and the new politics of monetary policy.pdf}
}

@book{pettifor2018,
  title = {The Production of Money: How to Break the Power of Bankers},
  shorttitle = {The Production of Money},
  author = {Pettifor, Ann},
  year = {2018},
  publisher = {Verso},
  address = {London},
  isbn = {978-1-78663-135-0},
  langid = {english},
  keywords = {\#nosource},
  annotation = {Citations}
}

@book{piketty2017,
  title = {Capital in the Twenty-First Century},
  author = {Piketty, Thomas},
  translator = {Goldhammer, Arthur},
  year = {2017},
  publisher = {The Belknap Press of Harvard University Press},
  address = {Cambridge, MA},
  isbn = {‎ 978-0674979857},
  langid = {english},
  lccn = {HB501 .P43613 2014},
  keywords = {\#nosource},
  file = {/Users/zachmcdowell/My Drive/Misc PDFs + eBooks/3 - Misc. Scholarly Research/The Belknap Press of Harvard University Press/Piketty-2017-Capital in the twenty-first century.pdf}
}

@book{piketty2020,
  title = {Capital and Ideology},
  author = {Piketty, Thomas},
  translator = {Goldhammer, Arthur},
  year = {2020},
  publisher = {The Belknap Press of Harvard University Press},
  address = {Cambridge, MA},
  langid = {english},
  file = {/Users/zachmcdowell/My Drive/Misc PDFs + eBooks/3 - Misc. Scholarly Research/The Belknap Press of Harvard University Press/Piketty-2020-Capital and Ideology.pdf}
}

@book{piketty2022,
  title = {A Brief History of Equality},
  author = {Piketty, Thomas},
  translator = {Rendall, Steven},
  year = {2022},
  publisher = {The Belknap Press of Harvard University Press},
  address = {Cambridge, MA},
  isbn = {978-0-674-27355-9},
  langid = {english},
  lccn = {HM821 .P54713 2022},
  keywords = {\#nosource},
  file = {/Users/zachmcdowell/My Drive/Misc PDFs + eBooks/3 - Misc. Scholarly Research/The Belknap Press of Harvard University Press/Piketty-2022-A brief history of equality.pdf}
}

@article{plumper2011a,
  title = {Fear of Floating and de Facto Exchange Rate Pegs with Multiple Key Currencies1},
  author = {Pl{\"u}mper, Thomas and Neumayer, Eric},
  year = {2011},
  month = dec,
  journal = {International Studies Quarterly},
  volume = {55},
  number = {4},
  pages = {1121--1142},
  issn = {0020-8833},
  annotation = {6 citations (Crossref) [2022-07-13]},
  file = {/Users/zachmcdowell/My Drive/Misc PDFs + eBooks/3 - Misc. Scholarly Research/International Studies Quarterly/Plümper & Neumayer-2011-Fear of Floating and de Facto Exchange Rate Pegs with Multiple Key Currencies1.pdf}
}

@article{Political2002,
  title = {The Political Economy of Monetary Institutions},
  year = 2002,
  journal = {International Organization},
  volume = {56},
  number = {4},
  pages = {693--723},
  publisher = {Cambridge University Press},
  address = {Cambridge, United Kingdom},
  issn = {00208183},
  copyright = {Copyright \textcopyright{} The IO Foundation 2002},
  langid = {english},
  annotation = {104 citations (Crossref) [2022-07-07]},
  file = {/Users/zachmcdowell/My Drive/Misc PDFs + eBooks/3 - Misc. Scholarly Research/International Organization/2002-The Political Economy of Monetary Institutions.pdf}
}

@article{pontusson2018a,
  title = {The Fed, Finance, and Inequality in Comparative Perspective},
  author = {Pontusson, Jonas},
  year = {2018},
  month = oct,
  journal = {PS: Political Science \& Politics},
  volume = {51},
  number = {4},
  pages = {743--746},
  publisher = {Cambridge University Press},
  issn = {1049-0965, 1537-5935},
  langid = {english},
  annotation = {2 citations (Crossref) [2022-07-06]},
  file = {/Users/zachmcdowell/My Drive/Misc PDFs + eBooks/3 - Misc. Scholarly Research/PS Political Science & Politics/Pontusson-2018-The Fed, Finance, and Inequality in Comparative Perspective2.pdf}
}

@book{poufinas2021a,
  title = {Debt in Times of Crisis: Does Economic Crisis Really Impact Debt?},
  shorttitle = {Debt in Times of Crisis},
  editor = {Poufinas, Thomas},
  year = {2021},
  publisher = {Springer International Publishing},
  address = {Cham},
  isbn = {978-3-030-74161-7 978-3-030-74162-4},
  langid = {english},
  file = {/Users/zachmcdowell/My Drive/Misc PDFs + eBooks/3 - Misc. Scholarly Research/Springer International Publishing/Poufinas-2021-Debt in Times of Crisis2.pdf}
}

@article{prugl2017,
  title = {A Discussion of Lawrence R. Jacobs and Desmond King's Fed Power: How Finance Wins},
  shorttitle = {A Discussion of Lawrence R. Jacobs and Desmond King's Fed Power},
  author = {Pr{\"u}gl, Elisabeth},
  year = {2017},
  month = jun,
  journal = {Perspectives on Politics},
  volume = {15},
  number = {2},
  pages = {515--516},
  publisher = {Cambridge University Press},
  address = {Cambridge, United Kingdom},
  issn = {15375927},
  copyright = {Copyright \textcopyright{} American Political Science Association 2017},
  langid = {english},
  file = {/Users/zachmcdowell/My Drive/Misc PDFs + eBooks/3 - Misc. Scholarly Research/Perspectives on Politics/Prügl-2017-A Discussion of Lawrence R.pdf}
}

@book{raychaudhuri2018,
  title = {Central Bank Independence, Regulations, and Monetary Policy: From Germany and Greece to China and the United States},
  shorttitle = {Central Bank Independence, Regulations, and Monetary Policy},
  author = {Ray Chaudhuri, Ranajoy},
  year = {2018},
  publisher = {Palgrave Macmillan},
  address = {New York},
  isbn = {978-1-137-58911-8 978-1-137-58912-5},
  langid = {english},
  file = {/Users/zachmcdowell/My Drive/Misc PDFs + eBooks/3 - Misc. Scholarly Research/Palgrave Macmillan/Ray Chaudhuri-2018-Central Bank Independence, Regulations, and Monetary Policy.pdf}
}

@article{ritter2010,
  title = {Transnational Governance in Global Finance: The Principles for Stable Capital Flows and Fair Debt Restructuring in Emerging Markets1},
  shorttitle = {Transnational Governance in Global Finance},
  author = {Ritter, Raymond},
  year = {2010},
  month = aug,
  journal = {International Studies Perspectives},
  volume = {11},
  number = {3},
  pages = {222--241},
  issn = {1528-3577},
  annotation = {8 citations (Crossref) [2022-07-13]},
  file = {/Users/zachmcdowell/My Drive/Misc PDFs + eBooks/3 - Misc. Scholarly Research/International Studies Perspectives/Ritter-2010-Transnational Governance in Global Finance.pdf}
}

@article{rochet2003,
  title = {Why Are There so Many Banking Crises?},
  author = {Rochet, Jean-Charles},
  year = {2003},
  month = jan,
  journal = {CESifo Economic Studies},
  volume = {49},
  number = {2},
  pages = {141--155},
  issn = {1610-241X},
  annotation = {11 citations (Crossref) [2022-07-13]},
  file = {/Users/zachmcdowell/My Drive/Misc PDFs + eBooks/3 - Misc. Scholarly Research/CESifo Economic Studies/Rochet-2003-Why Are There so Many Banking Crises.pdf}
}

@article{rogerw.ferguson2020,
  title = {Solving Policy Problems, at the Federal Reserve and Elsewhere},
  author = {Roger W. Ferguson, Jr},
  year = {2020},
  month = jul,
  journal = {Business Economics},
  volume = {55},
  number = {3},
  pages = {107--113},
  publisher = {Springer},
  issn = {0007666X},
  langid = {english},
  annotation = {2 citations (Crossref) [2022-05-18]},
  file = {/Users/zachmcdowell/My Drive/Misc PDFs + eBooks/3 - Misc. Scholarly Research/Business Economics/Roger W. Ferguson-2020-Solving policy problems, at the Federal Reserve and elsewhere.pdf}
}

@article{sahasrabuddhe2019,
  title = {Drawing the Line: The Politics of Federal Currency Swaps in the Global Financial Crisis},
  shorttitle = {Drawing the Line},
  author = {Sahasrabuddhe, Aditi},
  year = {2019},
  month = may,
  journal = {Review of International Political Economy},
  volume = {26},
  number = {3},
  pages = {461--489},
  publisher = {Routledge},
  issn = {0969-2290},
  annotation = {14 citations (Crossref) [2022-07-07] \_eprint: https://doi.org/10.1080/09692290.2019.1572639},
  file = {/Users/zachmcdowell/My Drive/Misc PDFs + eBooks/3 - Misc. Scholarly Research/Review of International Political Economy/Sahasrabuddhe-2019-Drawing the line.pdf}
}

@article{sanchez-cuenca2017,
  title = {From a Deficit of Democracy to a Technocratic Order: The Postcrisis Debate on Europe},
  shorttitle = {From a Deficit of Democracy to a Technocratic Order},
  author = {{S{\'a}nchez-Cuenca}, Ignacio},
  year = {2017},
  journal = {Annual Review of Political Science},
  volume = {20},
  number = {1},
  pages = {351--369},
  annotation = {37 citations (Crossref) [2022-07-13] \_eprint: https://doi.org/10.1146/annurev-polisci-061915-110623},
  file = {/Users/zachmcdowell/My Drive/Misc PDFs + eBooks/3 - Misc. Scholarly Research/Annual Review of Political Science/Sánchez-Cuenca-2017-From a Deficit of Democracy to a Technocratic Order.pdf}
}

@book{simpson2014a,
  title = {Financial Markets, Banking, and Monetary Policy},
  author = {Simpson, Thomas D.},
  year = {2014},
  series = {Wiley Finance Series},
  publisher = {Wiley},
  address = {Hoboken},
  isbn = {978-1-118-87205-5 978-1-118-87246-8},
  lccn = {HG4523},
  file = {/Users/zachmcdowell/My Drive/Misc PDFs + eBooks/3 - Misc. Scholarly Research/Wiley/Simpson-2014-Financial markets, banking, and monetary policy.pdf}
}

@article{spendzharova2016,
  title = {Regulatory Cascading: Limitations of Policy Design in European Banking Structural Reforms},
  shorttitle = {Regulatory Cascading},
  author = {Spendzharova, Aneta B},
  year = {2016},
  month = sep,
  journal = {Policy and Society},
  volume = {35},
  number = {3},
  pages = {227--237},
  issn = {1449-4035},
  annotation = {6 citations (Crossref) [2022-07-13]},
  file = {/Users/zachmcdowell/My Drive/Misc PDFs + eBooks/3 - Misc. Scholarly Research/Policy and Society/Spendzharova-2016-Regulatory cascading.pdf}
}

@book{spindel2017,
  title = {The Myth of Independence: How Congress Governs the Federal Reserve},
  shorttitle = {The Myth of Independence},
  author = {Spindel, Mark and Binder, Sarah},
  year = {2017},
  publisher = {Princeton University Press},
  address = {Princeton},
  isbn = {978-1-4008-8856-6},
  keywords = {\#nosource},
  annotation = {ZSCC: NoCitationData[s0]},
  file = {/Users/zachmcdowell/My Drive/Misc PDFs + eBooks/3 - Misc. Scholarly Research/Princeton University Press/Spindel & Binder-2017-The Myth of Independence.pdf}
}

@article{stockemer2018,
  title = {Data Access, Transparency, and Replication: New Insights from the Political Behavior Literature},
  shorttitle = {Data Access, Transparency, and Replication},
  author = {Stockemer, Daniel and Koehler, Sebastian and Lentz, Tobias},
  year = {2018},
  month = oct,
  journal = {PS: Political Science \& Politics},
  volume = {51},
  number = {4},
  pages = {799--803},
  publisher = {Cambridge University Press},
  issn = {1049-0965, 1537-5935},
  langid = {english},
  annotation = {8 citations (Crossref) [2022-07-06]},
  file = {/Users/zachmcdowell/My Drive/Misc PDFs + eBooks/3 - Misc. Scholarly Research/PS Political Science & Politics/Stockemer et al-2018-Data Access, Transparency, and Replication.pdf}
}

@article{stokes2018,
  title = {Trump, American Hegemony and the Future of the Liberal International Order},
  author = {Stokes, Doug},
  year = {2018},
  month = jan,
  journal = {International Affairs},
  volume = {94},
  number = {1},
  pages = {133--150},
  issn = {0020-5850},
  annotation = {76 citations (Crossref) [2022-07-13]},
  file = {/Users/zachmcdowell/My Drive/Misc PDFs + eBooks/3 - Misc. Scholarly Research/International Affairs/Stokes-2018-Trump, American hegemony and the future of the liberal international order.pdf}
}

@book{streeck2017,
  title = {Buying Time: The Delayed Crisis of Democratic Capitalism},
  shorttitle = {Buying Time},
  author = {Streeck, Wolfgang},
  translator = {Camiller, Patrick and Fernbach, David},
  year = {2017},
  edition = {Second},
  publisher = {Verso},
  address = {London},
  isbn = {978-1-78663-071-1},
  langid = {english},
  file = {/Users/zachmcdowell/My Drive/Misc PDFs + eBooks/3 - Misc. Scholarly Research/Verso/Streeck-2017-Buying time.pdf}
}

@article{subacchi2010,
  title = {Who Is in Control of the International Monetary System?},
  author = {Subacchi, Paola},
  year = {2010},
  month = may,
  journal = {International Affairs},
  volume = {86},
  number = {3},
  pages = {665--680},
  issn = {0020-5850},
  annotation = {8 citations (Crossref) [2022-07-13]},
  file = {/Users/zachmcdowell/My Drive/Misc PDFs + eBooks/3 - Misc. Scholarly Research/International Affairs/Subacchi-2010-Who is in control of the international monetary system.pdf}
}

@article{subacchi2018,
  title = {Unfinished Business: The Unexplored Causes of the Financial Crisis and the Lessons yet to Be Learned; Unelected Power: The Quest for Legitimacy in Central Banking and the Regulatory State},
  shorttitle = {Unfinished Business},
  author = {Subacchi, Paola},
  year = {2018},
  month = sep,
  journal = {International Affairs},
  volume = {94},
  number = {5},
  pages = {1182--1183},
  issn = {0020-5850},
  annotation = {0 citations (Crossref) [2022-07-13]},
  file = {/Users/zachmcdowell/My Drive/Misc PDFs + eBooks/3 - Misc. Scholarly Research/International Affairs/Subacchi-2018-Unfinished business.pdf}
}

@article{subacchi2019,
  title = {Crashed: How a Decade of Financial Crises Changed the World},
  shorttitle = {Crashed},
  author = {Subacchi, Paola},
  year = {2019},
  month = sep,
  journal = {International Affairs},
  volume = {95},
  number = {5},
  pages = {1176--1178},
  issn = {0020-5850},
  annotation = {0 citations (Crossref) [2022-07-13]},
  file = {/Users/zachmcdowell/My Drive/Misc PDFs + eBooks/3 - Misc. Scholarly Research/International Affairs/Subacchi-2019-Crashed.pdf}
}

@article{suzuki1994,
  title = {Economic Interdependence, Relative Gains, and International Cooperation: The Case of Monetary Policy Coordination},
  shorttitle = {Economic Interdependence, Relative Gains, and International Cooperation},
  author = {Suzuki, Motoshi},
  year = {1994},
  month = sep,
  journal = {International Studies Quarterly},
  volume = {38},
  number = {3},
  pages = {475--498},
  issn = {0020-8833},
  annotation = {5 citations (Crossref) [2022-07-13]},
  file = {/Users/zachmcdowell/My Drive/Misc PDFs + eBooks/3 - Misc. Scholarly Research/International Studies Quarterly/Suzuki-1994-Economic Interdependence, Relative Gains, and International Cooperation.pdf}
}

@article{svetlova2022,
  title = {AI Meets Narratives: The State and Future of Research on Expectation Formation in Economics and Sociology},
  shorttitle = {AI Meets Narratives},
  author = {Svetlova, Ekaterina},
  year = {2022},
  month = apr,
  journal = {Socio-Economic Review},
  volume = {20},
  number = {2},
  pages = {841--861},
  issn = {1475-1461},
  annotation = {2 citations (Crossref) [2022-07-13]},
  file = {/Users/zachmcdowell/My Drive/Misc PDFs + eBooks/3 - Misc. Scholarly Research/Socio-Economic Review/Svetlova-2022-AI meets narratives.pdf}
}

@book{szepanski2022,
  title = {Financial Capital in the 21st Century: A New Theory of Speculative Capital},
  shorttitle = {Financial Capital in the 21st Century},
  author = {Szepanski, Achim},
  year = {2022},
  series = {Marx, Engels, and Marxisms},
  publisher = {Springer International Publishing},
  address = {Cham},
  isbn = {978-3-030-93150-6 978-3-030-93151-3},
  langid = {english},
  file = {/Users/zachmcdowell/My Drive/Misc PDFs + eBooks/3 - Misc. Scholarly Research/Springer International Publishing/Szepanski-2022-Financial capital in the 21st century.pdf}
}

@article{thies2004,
  title = {Individuals, Institutions, and Inflation: Conceptual Complexity, Central Bank Independence, and the Asian Crisis},
  shorttitle = {Individuals, Institutions, and Inflation},
  author = {Thies, Cameron G.},
  year = {2004},
  month = sep,
  journal = {International Studies Quarterly},
  volume = {48},
  number = {3},
  pages = {579--602},
  issn = {0020-8833},
  annotation = {6 citations (Crossref) [2022-07-13]},
  file = {/Users/zachmcdowell/My Drive/Misc PDFs + eBooks/3 - Misc. Scholarly Research/International Studies Quarterly/Thies-2004-Individuals, Institutions, and Inflation.pdf}
}

@book{toussaint2019,
  title = {The Debt System: A History of Sovereign Debts and Their Repudiation},
  shorttitle = {The Debt System},
  author = {Toussaint, Eric},
  year = {2019},
  publisher = {Haymarket Books},
  address = {Chicago},
  isbn = {978-1-64259-016-6},
  langid = {english},
  annotation = {OCLC: 1096435990},
  file = {/Users/zachmcdowell/My Drive/Misc PDFs + eBooks/3 - Misc. Scholarly Research/Haymarket Books/Toussaint-2019-The debt system.pdf}
}

@article{true2017,
  title = {A Discussion of Lawrence R. Jacobs and Desmond King's Fed Power: How Finance Wins},
  shorttitle = {A Discussion of Lawrence R. Jacobs and Desmond King's Fed Power},
  author = {True, Jacqui},
  year = {2017},
  month = jun,
  journal = {Perspectives on Politics},
  volume = {15},
  number = {2},
  pages = {513--514},
  publisher = {Cambridge University Press},
  address = {Cambridge, United Kingdom},
  issn = {15375927},
  copyright = {Copyright \textcopyright{} American Political Science Association 2017},
  langid = {english},
  file = {/Users/zachmcdowell/My Drive/Misc PDFs + eBooks/3 - Misc. Scholarly Research/Perspectives on Politics/True-2017-A Discussion of Lawrence R.pdf}
}

@article{turrini2012a,
  title = {Banking Crises, Output Loss, and Fiscal Policy},
  author = {Turrini, Alessandro and Roeger, Werner and Sz{\'e}kely, Istv{\'a}n P.},
  year = {2012},
  month = mar,
  journal = {CESifo Economic Studies},
  volume = {58},
  number = {1},
  pages = {181--219},
  issn = {1610-241X},
  annotation = {10 citations (Crossref) [2022-07-13]},
  file = {/Users/zachmcdowell/My Drive/Misc PDFs + eBooks/3 - Misc. Scholarly Research/CESifo Economic Studies/Turrini et al-2012-Banking Crises, Output Loss, and Fiscal Policy2.pdf}
}

@article{valelly2018a,
  title = {Clarifying How the Fed Is Political},
  author = {Valelly, Rick},
  year = {2018},
  month = oct,
  journal = {PS: Political Science \& Politics},
  volume = {51},
  number = {4},
  pages = {747--750},
  publisher = {Cambridge University Press},
  issn = {1049-0965, 1537-5935},
  langid = {english},
  annotation = {0 citations (Crossref) [2022-07-06]},
  file = {/Users/zachmcdowell/My Drive/Misc PDFs + eBooks/3 - Misc. Scholarly Research/PS Political Science & Politics/Valelly-2018-Clarifying How the Fed Is Political2.pdf}
}

@article{vangunten2017a,
  title = {Washington Dissensus: Ambiguity and Conflict at the International Monetary Fund},
  shorttitle = {Washington Dissensus},
  author = {Van Gunten, Tod S.},
  year = {2017},
  month = jan,
  journal = {Socio-Economic Review},
  volume = {15},
  number = {1},
  pages = {65--84},
  issn = {1475-1461},
  annotation = {1 citations (Crossref) [2022-07-13]},
  file = {/Users/zachmcdowell/My Drive/Misc PDFs + eBooks/3 - Misc. Scholarly Research/Socio-Economic Review/Van Gunten-2017-Washington dissensus2.pdf}
}

@article{vantklooster2020a,
  title = {The Myth of Market Neutrality: A Comparative Study of the European Central Bank's and the Swiss National Bank's Corporate Security Purchases},
  shorttitle = {The Myth of Market Neutrality},
  author = {{van 't Klooster}, Jens and Fontan, Cl{\'e}ment},
  year = {2020},
  month = sep,
  journal = {New Political Economy},
  volume = {25},
  number = {6},
  pages = {865--879},
  issn = {1356-3467, 1469-9923},
  langid = {english},
  file = {/Users/zachmcdowell/My Drive/Misc PDFs + eBooks/3 - Misc. Scholarly Research/New Political Economy/van ’t Klooster & Fontan-2020-The Myth of Market Neutrality.pdf}
}

@article{vantklooster2022,
  title = {The Politics of the ECB's Market-Based Approach to Government Debt},
  author = {{van 't Klooster}, Jens},
  year = {2022},
  month = mar,
  journal = {Socio-Economic Review},
  pages = {mwac014},
  issn = {1475-1461},
  annotation = {1 citations (Crossref) [2022-07-13]},
  file = {/Users/zachmcdowell/My Drive/Misc PDFs + eBooks/3 - Misc. Scholarly Research/Socio-Economic Review/van ’t Klooster-2022-The politics of the ECB’s market-based approach to government debt.pdf}
}

@article{vezirgiannidou2013,
  title = {The United States and Rising Powers in a Post-Hegemonic Global Order},
  author = {Vezirgiannidou, Sevasti-Eleni},
  year = {2013},
  month = may,
  journal = {International Affairs},
  volume = {89},
  number = {3},
  pages = {635--651},
  issn = {0020-5850},
  annotation = {22 citations (Crossref) [2022-07-13]},
  file = {/Users/zachmcdowell/My Drive/Misc PDFs + eBooks/3 - Misc. Scholarly Research/International Affairs/Vezirgiannidou-2013-The United States and rising powers in a post-hegemonic global order.pdf}
}

@article{voeten2019,
  title = {Making Sense of the Design of International Institutions},
  author = {Voeten, Erik},
  year = {2019},
  journal = {Annual Review of Political Science},
  volume = {22},
  number = {1},
  pages = {147--163},
  annotation = {14 citations (Crossref) [2022-07-13] \_eprint: https://doi.org/10.1146/annurev-polisci-041916-021108},
  file = {/Users/zachmcdowell/My Drive/Misc PDFs + eBooks/3 - Misc. Scholarly Research/Annual Review of Political Science/Voeten-2019-Making Sense of the Design of International Institutions.pdf}
}

@book{vonweizsacker2021a,
  title = {Saving and Investment in the Twenty-First Century: The Great Divergence},
  shorttitle = {Saving and Investment in the Twenty-First Century},
  author = {{von Weizs{\"a}cker}, Carl Christian and Kr{\"a}mer, Hagen M.},
  year = {2021},
  publisher = {Springer International Publishing},
  address = {Cham},
  isbn = {978-3-030-75030-5 978-3-030-75031-2},
  langid = {english},
  file = {/Users/zachmcdowell/My Drive/Misc PDFs + eBooks/3 - Misc. Scholarly Research/Springer International Publishing/von Weizsäcker & Krämer-2021-Saving and Investment in the Twenty-First Century2.pdf}
}

@article{wade2014,
  title = {The Piketty Phenomenon: Why Has Capital Become a Publishing Sensation?},
  shorttitle = {The Piketty Phenomenon},
  author = {Wade, Robert H.},
  year = {2014},
  month = sep,
  journal = {International Affairs},
  volume = {90},
  number = {5},
  pages = {1069--1083},
  issn = {0020-5850},
  annotation = {6 citations (Crossref) [2022-07-13]},
  file = {/Users/zachmcdowell/My Drive/Misc PDFs + eBooks/3 - Misc. Scholarly Research/International Affairs/Wade-2014-The Piketty phenomenon.pdf}
}

@article{waller2018,
  title = {Review of The Myth of Independence: How Congress Governs the Federal Reserve, BinderSarah, SpindelMark},
  shorttitle = {Review of The Myth of Independence},
  author = {Waller, Christopher J. and Binder, Sarah and Spindel, Mark},
  year = {2018},
  journal = {Journal of Economic Literature},
  volume = {56},
  number = {2},
  pages = {685--692},
  publisher = {American Economic Association},
  issn = {0022-0515},
  file = {/Users/zachmcdowell/My Drive/Misc PDFs + eBooks/3 - Misc. Scholarly Research/Journal of Economic Literature/Waller et al-2018-Review of The Myth of Independence.pdf}
}

@article{wallerstein2000a,
  title = {Unions in Decline? What Has Changed and Why},
  shorttitle = {Unions in Decline?},
  author = {Wallerstein, Michael and Western, Bruce},
  year = {2000},
  journal = {Annual Review of Political Science},
  volume = {3},
  number = {1},
  pages = {355--377},
  annotation = {82 citations (Crossref) [2022-07-13] \_eprint: https://doi.org/10.1146/annurev.polisci.3.1.355},
  file = {/Users/zachmcdowell/My Drive/Misc PDFs + eBooks/3 - Misc. Scholarly Research/Annual Review of Political Science/Wallerstein & Western-2000-Unions in Decline2.pdf}
}

@article{walsh2001,
  title = {National Preferences and International Institutions: Evidence from European Monetary Integration},
  shorttitle = {National Preferences and International Institutions},
  author = {Walsh, James I.},
  year = {2001},
  month = mar,
  journal = {International Studies Quarterly},
  volume = {45},
  number = {1},
  pages = {59--80},
  issn = {0020-8833},
  annotation = {8 citations (Crossref) [2022-07-13]},
  file = {/Users/zachmcdowell/My Drive/Misc PDFs + eBooks/3 - Misc. Scholarly Research/International Studies Quarterly/Walsh-2001-National Preferences and International Institutions.pdf}
}

@article{walter2020a,
  title = {How Central Bankers Learned to Love Financialization: The Fed, the Bank, and the Enlisting of Unfettered Markets in the Conduct of Monetary Policy},
  shorttitle = {How Central Bankers Learned to Love Financialization},
  author = {Walter, Timo and Wansleben, Leon},
  year = {2020},
  month = jul,
  journal = {Socio-Economic Review},
  volume = {18},
  number = {3},
  pages = {625--653},
  issn = {1475-1461},
  annotation = {15 citations (Crossref) [2022-07-13]},
  file = {/Users/zachmcdowell/My Drive/Misc PDFs + eBooks/3 - Misc. Scholarly Research/Socio-Economic Review/Walter & Wansleben-2020-How central bankers learned to love financialization2.pdf}
}

@article{way2000,
  title = {Central Banks, Partisan Politics, and Macroeconomic Outcomes},
  author = {Way, Christopher},
  year = {2000},
  month = mar,
  journal = {Comparative Political Studies},
  volume = {33},
  number = {2},
  pages = {196--224},
  publisher = {SAGE Publications Inc},
  issn = {0010-4140},
  langid = {english},
  annotation = {23 citations (Crossref) [2022-07-07]},
  file = {/Users/zachmcdowell/My Drive/Misc PDFs + eBooks/3 - Misc. Scholarly Research/Comparative Political Studies/Way-2000-Central Banks, Partisan Politics, and Macroeconomic Outcomes.pdf}
}

@article{weatherford2018,
  title = {Binder, Sarah, and Mark Spindel. The Myth of Independence: How Congress Governs the Federal Reserve},
  shorttitle = {Binder, Sarah, and Mark Spindel. The Myth of Independence},
  author = {Weatherford, M. Stephen},
  year = {2018},
  journal = {Congress \& the Presidency},
  volume = {45},
  number = {2},
  pages = {208--210},
  publisher = {Routledge},
  issn = {07343469},
  annotation = {0 citations (Crossref) [2022-07-05]},
  file = {/Users/zachmcdowell/My Drive/Misc PDFs + eBooks/3 - Misc. Scholarly Research/Congress & the Presidency/Weatherford-2018-Binder, Sarah, and Mark Spindel.pdf}
}

@article{westermeier2018a,
  title = {The Bank of International Settlements as a Think Tank for Financial Policy-Making},
  author = {Westermeier, Carola},
  year = {2018},
  month = jun,
  journal = {Policy and Society},
  volume = {37},
  number = {2},
  pages = {170--187},
  issn = {1449-4035},
  annotation = {5 citations (Crossref) [2022-07-13]},
  file = {/Users/zachmcdowell/My Drive/Misc PDFs + eBooks/3 - Misc. Scholarly Research/Policy and Society/Westermeier-2018-The Bank of International Settlements as a think tank for financial policy-making.pdf}
}

@article{wheelock2018,
  title = {The Myth of Independence: How Congress Governs the Federal Reserve},
  shorttitle = {The Myth of Independence},
  author = {Wheelock, David C.},
  year = {2018},
  month = oct,
  journal = {American Economist},
  volume = {63},
  number = {2},
  pages = {270--272},
  issn = {05694345},
  annotation = {0 citations (Crossref) [2022-07-05]},
  file = {/Users/zachmcdowell/My Drive/Misc PDFs + eBooks/3 - Misc. Scholarly Research/American Economist/Wheelock-2018-The myth of independence.pdf}
}

@article{widmaier2007,
  title = {Where You Stand Depends on How You Think: Economic Ideas, the Decline of the Council of Economic Advisers and the Rise of the Federal Reserve},
  shorttitle = {Where You Stand Depends on How You Think},
  author = {Widmaier, Wesley W.},
  year = {2007},
  month = mar,
  journal = {New Political Economy},
  volume = {12},
  number = {1},
  pages = {43--59},
  publisher = {Routledge},
  issn = {1356-3467},
  annotation = {4 citations (Crossref) [2022-07-07] \_eprint: https://doi.org/10.1080/13563460601068586},
  file = {/Users/zachmcdowell/My Drive/Misc PDFs + eBooks/3 - Misc. Scholarly Research/New Political Economy/Widmaier-2007-Where You Stand Depends on How You Think.pdf}
}

@article{wilsher2013,
  title = {Ready to Do Whatever It Takes? The Legal Mandate of the European Central Bank and the Economic Crisis},
  shorttitle = {Ready to Do Whatever It Takes?},
  author = {Wilsher, Daniel},
  year = {2013},
  journal = {Cambridge Yearbook of European Legal Studies},
  volume = {15},
  pages = {503--536},
  publisher = {Cambridge University Press},
  issn = {1528-8870, 2049-7636},
  langid = {english},
  annotation = {6 citations (Crossref) [2022-07-06]},
  file = {/Users/zachmcdowell/My Drive/Misc PDFs + eBooks/3 - Misc. Scholarly Research/Cambridge Yearbook of European Legal Studies/Wilsher-2013-Ready to Do Whatever it Takes.pdf}
}

@article{winecoff2014,
  title = {Bank Regulation, Macroeconomic Management, and Monetary Incentives in OECD Economies1},
  author = {Winecoff, W. Kindred},
  year = {2014},
  month = sep,
  journal = {International Studies Quarterly},
  volume = {58},
  number = {3},
  pages = {448--461},
  issn = {0020-8833},
  annotation = {10 citations (Crossref) [2022-07-13]},
  file = {/Users/zachmcdowell/My Drive/Misc PDFs + eBooks/3 - Misc. Scholarly Research/International Studies Quarterly/Winecoff-2014-Bank Regulation, Macroeconomic Management, and Monetary Incentives in OECD Economies1.pdf}
}

@article{wischnewsky2021,
  title = {Financial Stability and the Fed: Evidence from Congressional Hearings},
  shorttitle = {Financial Stability and the Fed},
  author = {Wischnewsky, Arina and Jansen, David-Jan and Neuenkirch, Matthias and link will open in a new window {Link to external site}, this},
  year = {2021},
  month = jul,
  journal = {Economic Inquiry},
  volume = {59},
  number = {3},
  pages = {1192--1214},
  publisher = {Western Economic Association},
  address = {Huntington Beach, United States},
  issn = {00952583},
  chapter = {ORIGINAL ARTICLES},
  copyright = {\textcopyright{} 2021. This article is published under http://creativecommons.org/licenses/by-nc-nd/4.0/ (the ``License''). Notwithstanding the ProQuest Terms and Conditions, you may use this content in accordance with the terms of the License.},
  langid = {english},
  annotation = {1 citations (Crossref) [2022-07-11]},
  file = {/Users/zachmcdowell/My Drive/Misc PDFs + eBooks/3 - Misc. Scholarly Research/Economic Inquiry/Wischnewsky et al-2021-Financial stability and the Fed.pdf}
}

@article{womack2013,
  title = {Beyond Win\textendash Win: Rethinking China's International Relationships in an Era of Economic Uncertainty},
  shorttitle = {Beyond Win\textendash Win},
  author = {Womack, Brantly},
  year = {2013},
  month = jul,
  journal = {International Affairs},
  volume = {89},
  number = {4},
  pages = {911--928},
  issn = {0020-5850},
  annotation = {7 citations (Crossref) [2022-07-13]},
  file = {/Users/zachmcdowell/My Drive/Misc PDFs + eBooks/3 - Misc. Scholarly Research/International Affairs/Womack-2013-Beyond win–win.pdf}
}

@article{woodruff2019a,
  title = {To Democratize Finance, Democratize Central Banking},
  author = {Woodruff, David M.},
  year = {2019},
  month = dec,
  journal = {Politics \& Society},
  volume = {47},
  number = {4},
  pages = {593--610},
  publisher = {SAGE Publications Inc},
  issn = {0032-3292},
  langid = {english},
  annotation = {2 citations (Crossref) [2022-07-07]},
  file = {/Users/zachmcdowell/My Drive/Misc PDFs + eBooks/3 - Misc. Scholarly Research/Politics & Society/Woodruff-2019-To Democratize Finance, Democratize Central Banking2.pdf}
}

@techreport{worldinequalitylab2020,
  type = {WID.World Working Paper},
  title = {Distributional National Accounts (DINA) Guidelines 2020: Methods and Concepts Used in the World Inequality Database},
  author = {{World Inequality Lab}},
  year = {2020},
  number = {7},
  langid = {english},
  file = {/Users/zachmcdowell/My Drive/Misc PDFs + eBooks/3 - Misc. Scholarly Research/undefined/World Inequality Lab-2020-Distributional National Accounts (DINA) Guidelines 2020.pdf}
}

@article{wullweber2021,
  title = {The Politics of Shadow Money: Security Structures, Money Creation and Unconventional Central Banking},
  shorttitle = {The Politics of Shadow Money},
  author = {Wullweber, Joscha},
  year = {2021},
  month = jan,
  journal = {New Political Economy},
  volume = {26},
  number = {1},
  pages = {69--85},
  publisher = {Routledge},
  issn = {1356-3467},
  annotation = {1 citations (Crossref) [2022-07-07] \_eprint: https://doi.org/10.1080/13563467.2019.1708878},
  file = {/Users/zachmcdowell/My Drive/Misc PDFs + eBooks/3 - Misc. Scholarly Research/New Political Economy/Wullweber-2021-The Politics of Shadow Money.pdf}
}

@article{yagci2021,
  title = {Bridging International Political Economy and Public Policy and Administration Research on Central Banking},
  author = {Yagci, Mustafa and Bakir, Caner},
  year = {2021},
  month = dec,
  journal = {Policy and Society},
  volume = {40},
  number = {4},
  pages = {502--521},
  issn = {1449-4035},
  annotation = {0 citations (Crossref) [2022-07-13]},
  file = {/Users/zachmcdowell/My Drive/Misc PDFs + eBooks/3 - Misc. Scholarly Research/Policy and Society/Yagci & Bakir-2021-Bridging international political economy and public policy and administration research on central.pdf}
}

@article{zayim2022,
  title = {Inside the Black Box: Credibility and the Situational Power of Central Banks},
  shorttitle = {Inside the Black Box},
  author = {Zayim, Ayca},
  year = {2022},
  month = apr,
  journal = {Socio-Economic Review},
  volume = {20},
  number = {2},
  pages = {759--789},
  issn = {1475-1461},
  annotation = {0 citations (Crossref) [2022-07-13]},
  file = {/Users/zachmcdowell/My Drive/Misc PDFs + eBooks/3 - Misc. Scholarly Research/Socio-Economic Review/Zayim-2022-Inside the black box.pdf}
}

@article{zeitz2021a,
  title = {Migrants as Engines of Financial Globalization: The Case of Global Banking},
  shorttitle = {Migrants as Engines of Financial Globalization},
  author = {Zeitz, Alexandra O and Leblang, David A},
  year = {2021},
  month = jun,
  journal = {International Studies Quarterly},
  volume = {65},
  number = {2},
  pages = {360--374},
  issn = {0020-8833},
  annotation = {1 citations (Crossref) [2022-07-13]},
  file = {/Users/zachmcdowell/My Drive/Misc PDFs + eBooks/3 - Misc. Scholarly Research/International Studies Quarterly/Zeitz & Leblang-2021-Migrants as Engines of Financial Globalization2.pdf}
}


